3584 5625
942 494 1002 552 148
1032 532 1034 535 -

374 685 474 735 statem,
491 679 563 727 cuius
581 677 678 727 fauoris
697 676 834 741 presidium
852 677 899 739 ipsi
917 677 1023 738 negotio
1041 692 1089 725 suo
1111 677 1169 727 loco
1186 685 1213 727 et
1235 684 1349 741 tempore
1366 676 1494 726 credimus
1512 691 1565 725 non

374 762 469 811 deesse.
504 760 603 811 Verum
620 761 679 824 quia
695 762 840 822 huiusmodi
860 762 1029 823 receptionem
1047 761 1127 824 ipsius
1139 760 1245 825 pecunie
1258 776 1311 811 non
1318 760 1415 812 frustra
1423 760 1566 812 notabilem

373 848 400 895 iu
422 846 615 909 derogationem
641 846 743 895 honoris
767 846 812 905 tui,
832 861 862 894 ac
880 848 948 907 regie
967 848 1108 896 honestatis
1125 847 1216 897 cedere
1233 860 1280 909 pro
1298 846 1370 895 firmo
1389 852 1524 905 mamus,
1540 852 1567 895 et

373 931 400 980 in
418 931 549 995 pernitiem
567 932 633 980 dicte
652 939 717 979 terre
734 930 802 979 foret
819 925 929 994 exempli
948 931 1039 980 exinde
1057 930 1116 993 alijs
1133 945 1213 980 causa
1229 930 1307 981 mali:
1333 929 1387 981 Nos
1404 931 1466 980 licet
1477 930 1567 979 huius-

374 1016 441 1065 modi
460 1014 521 1065 facti
539 1017 649 1079 qualitas
673 1016 788 1078 exigeret
814 1031 890 1079 super
915 1015 965 1066 hoc
993 1014 1072 1065 inisse
1102 1015 1176 1065 aliter
1201 1016 1397 1078 procedendum,
1420 1030 1452 1078 ne
1480 1022 1568 1065 tantm

374 1102 507 1150 caritatem
524 1116 619 1163 ueram,
639 1117 714 1165 quam
732 1117 802 1150 more
820 1102 923 1165 superni
941 1100 1028 1165 patris,
1046 1102 1117 1150 cuius
1135 1099 1273 1150 uicaristns
1286 1100 1313 1150 in
1325 1100 1398 1150 terris
1410 1115 1567 1165 quamquam

373 1183 471 1247 indigni
489 1183 603 1235 officinm
622 1187 774 1246 obtinemus,
793 1186 826 1234 ad
844 1183 957 1248 regalem
969 1188 1131 1235 serenitatem
1142 1185 1237 1236 babere
1249 1185 1407 1236 decredimus
1417 1182 1568 1249 refriguisse

373 1271 567 1333 quomodolibet
585 1273 703 1336 opineris,
721 1272 754 1320 sd
772 1277 797 1320 te
815 1272 841 1319 in
859 1270 1061 1320 mansuetudinis
1079 1269 1169 1333 spiritu
1187 1268 1318 1332 dirigimus
1345 1271 1441 1334 scripta
1467 1278 1567 1330 nostra,

372 1354 548 1405 celsitudinem
566 1356 664 1419 regiam
682 1355 820 1406 affectuose
838 1362 965 1417 rogantes,
984 1362 1109 1418 quatenus
1126 1354 1267 1417 predictam
1284 1355 1452 1419 quantitatem
1464 1356 1567 1419 argenti

373 1439 467 1488 dilecto
483 1440 537 1490 filio
557 1442 679 1504 magistro
698 1441 841 1490 Bertrsndo
860 1439 984 1490 Amslrioi
1002 1440 1154 1504 cappellano
1180 1448 1268 1490 nostro
1295 1440 1419 1489 canonico
1442 1440 1567 1489 Remensi

373 1525 503 1574 collectori
522 1526 619 1575 decime
637 1526 664 1575 in
681 1541 759 1589 regno
779 1533 823 1574 tuo
846 1541 862 1574 a
885 1526 945 1574 sede
971 1524 1113 1589 apostolica
1135 1526 1258 1588 deputato
1282 1531 1370 1574 nostro
1396 1532 1422 1574 et
1450 1524 1567 1575 eiusdem

374 1617 438 1659 terre
456 1613 557 1660 nomine
576 1611 708 1661 restituere
725 1610 824 1674 plenius
843 1609 948 1659 omnino
974 1625 1104 1675 procures.
1148 1610 1190 1658 lta
1207 1610 1275 1673 quod
1292 1610 1383 1660 exinde
1400 1609 1566 1673 imperatoris

316 1731 319 1738 .
373 1693 474 1743 celestis
493 1696 601 1757 gretiam
619 1697 719 1744 vberius
737 1696 864 1755 merearis,
882 1702 908 1743 et
925 1696 1060 1745 laudabilis
1078 1694 1242 1745 constituaris
1260 1695 1287 1745 in
1306 1692 1381 1755 labijs
1399 1695 1566 1759 populorum.

318 1826 320 1829 Α
373 1793 469 1841 nosque
486 1779 570 1829 zelum
589 1786 629 1829 tue
648 1779 791 1829 devotionis
809 1796 843 1829 err
861 1782 911 1830 hoc
929 1780 1103 1843 multipliciter
1120 1781 1334 1832 commendemus.
1369 1786 1467 1835 Datum
1483 1782 1566 1831 Rome

372 1863 440 1927 apud
459 1871 576 1913 sanctum
589 1862 690 1914 Petrum
710 1863 760 1926 xij.
779 1865 836 1918 idus
855 1864 926 1927 Junij
945 1866 1108 1928 pontificatus
1126 1866 1207 1914 nostri
1225 1880 1292 1915 anno
1310 1867 1430 1916 secundo.

729 1944 794 1989 (lech.
810 1948 850 1986 Vnt.
866 1948 910 1995 aeg.
927 1949 969 1988 llis.
985 1949 1013 1987 lll.
1029 1959 1060 1988 an.
1073 1948 1094 1986 ll.
1111 1959 1140 1996 ep.
1156 1946 1206 1991 ldlil.

778 2173 823 2230 15.
871 2174 958 2231 1279.
1004 2173 1059 2231 ede
1081 2172 1160 2238 Juni‚

440 2288 561 2339 Nicolens
579 2288 714 2353 episcopus
732 2304 752 2339 s.
771 2304 791 2338 s.
810 2290 834 2338 d.
853 2290 948 2339 dilecto
970 2290 1023 2357 lilio
1050 2290 1173 2353 magistro
1200 2288 1345 2342 Bertrando
1368 2285 1495 2337 Amalrici
1520 2302 1561 2338 ca·

372 2374 474 2438 pellaeo
492 2382 580 2434 uostrp
598 2374 724 2425 canonico
742 2374 860 2424 lismensi
879 2374 1012 2425 collectori
1039 2375 1136 2426 decime
1157 2376 1184 2423 in
1209 2373 1295 2429 Suetie
1322 2380 1348 2421 et
1372 2371 1451 2421 Datis
1477 2372 1575 2435 regnis*

373 2464 438 2508 terre
456 2467 543 2509 ssncte
560 2458 673 2509 subsidio
692 2461 812 2520 deputate
825 2460 934 2509 salntem
952 2467 999 2509 etc.
1043 2460 1088 2508 Ex
1104 2467 1192 2509 tenore
1209 2458 1351 2508 litterarum
1369 2465 1472 2507 tuarum
1489 2457 1561 2508 nobis

371 2543 483 2594 innotuit
500 2544 568 2607 qnod
592 2543 706 2593 nonnulli
725 2544 810 2594 clerici
836 2544 935 2608 quibus
951 2543 1119 2596 ministerium
1145 2544 1283 2606 colligendi
1308 2542 1434 2593 decimam
1458 2542 1486 2591 in
1511 2542 1561 2592 illis

371 2628 485 2693 partibus
504 2629 660 2688 commisisti,
677 2643 706 2679 se
724 2628 819 2692 absque
837 2637 881 2679 tua
898 2629 1003 2679 licentia
1019 2631 1146 2693 adpartes
1156 2627 1293 2679 transferre
1304 2634 1415 2677 remotas
1427 2628 1560 2692 etaliquas

372 2712 526 2776 quantitates
543 2714 650 2777 pecunia
668 2729 744 2777 quam
762 2715 793 2763 de
810 2714 955 2765 huiusmodi
974 2714 1070 2763 decime
1088 2715 1248 2777 collegerant
1257 2728 1342 2764 secum
1351 2718 1485 2777 ”portare
1497 2727 1561 2763 ausu

372 2797 469 2849 nefario
486 2806 703 2863 presumpserunt,
722 2800 754 2850 de
771 2799 911 2851 ministerio
928 2800 1088 2851 collectionis
1105 2806 1209 2865 peracte
1226 2804 1436 2862 contempnentes
1455 2798 1560 2848 reddere

373 2883 503 2933 rationem.
522 2894 627 2948 propter
644 2887 712 2948 quod
731 2896 759 2935 tu
776 2886 921 2945 apostolica
938 2888 1091 2936 auctoritate
1109 2885 1155 2935 tibi
1172 2885 1198 2934 in
1216 2885 1265 2935 beo
1290 2891 1362 2946 parte
1379 2885 1519 2934 commissa
1535 2883 1561 2936 in

371 2983 414 3019 eos
433 2968 551 3033 exigente
573 2971 670 3021 iustitia
688 2973 962 3022 excommunicationis
988 2971 1141 3020 senteutiam
1157 2970 1346 3034 promulgasti.
1390 2967 1445 3019 lios
1476 2970 1560 3032 itaque

368 3058 518 3118 ‘processum
536 3061 608 3104 tunm
626 3067 701 3120 prout
718 3073 794 3120 snper
810 3058 861 3107 hoc
879 3056 986 3120 prouida
1008 3055 1118 3104 hebetur
1143 3055 1321 3121 multipliciter
1345 3055 1561 3113 commendantes,

371 3137 517 3189 discretioni
536 3148 577 3188 tne
596 3155 640 3202 per
658 3142 800 3204 apostolica
818 3141 913 3204 scripta
930 3142 1079 3190 mandamus
1102 3146 1226 3203 quatenus
1254 3148 1346 3190 contre
1372 3145 1562 3205 presumptores
1614 3135 1616 3138 ⁴

372 3224 516 3274 huiusmodi
534 3239 613 3287 nsque
636 3227 669 3274 ad
696 3225 896 3275 satisfactionem
923 3226 1078 3288 condignam
1103 3236 1229 3289 aggrsues
1255 3240 1358 3276 manum
1387 3231 1458 3273 tuam
1484 3231 1561 3286 prout

371 3307 529 3358 contumatia
540 3312 656 3373 exegerit
673 3312 821 3360 eorumdem
838 3312 959 3360 inuocato
985 3317 1074 3361 contra
1099 3325 1143 3360 eos
1170 3325 1247 3373 super
1272 3310 1321 3360 hoc
1349 3308 1371 3359 si
1392 3323 1457 3372 opus
1485 3307 1562 3358 fuerit

371 3395 468 3445 auxilio
485 3392 583 3457 brachij
603 3395 731 3445 secularis.
766 3395 864 3445 Datum
882 3395 963 3445 Rome
981 3396 1049 3460 spud
1067 3402 1185 3445 sanctum
1201 3396 1307 3446 Petrum
1320 3409 1351 3444 π.
1366 3393 1401 3443 id.
1415 3393 1488 3456 Juuij
1500 3409 1562 3458 pon·

371 3470 481 3527 tificetus
500 3480 578 3528 nostri
597 3495 664 3529 anno
683 3482 803 3529 secundo.

728 3563 792 3609 [Aren.
808 3563 849 3602 vat.
865 3563 910 3610 neg.
925 3563 965 3602 llic.
980 3563 1012 3603 lll.
1027 3574 1058 3602 an.
1073 3563 1093 3601 ΙΙ.
1107 3573 1138 3612 ap.
1154 3559 1206 3606 1³7).

775 3790 822 3847 16.
868 3790 956 3847 1279.
1002 3789 1058 3846 9de
1079 3787 1159 3848 Juni.

409 3930 411 3936 ·
437 3892 559 3969 Nicolaus
571 3903 712 3968 ‘episcopus
730 3919 748 3952 s.
769 3919 788 3954 s.
809 3906 832 3954 d.
852 3904 945 3954 dilecto
958 3904 1011 3954 lilio
1023 3905 1147 3966 magistro
1157 3903 1301 3953 Bertrando
1313 3901 1437 3952 Amalrici
1450 3910 1498 3952 etc.
1513 3910 1564 3952 etc.

371 3988 477 4039 salutem
496 3977 547 4047 etcss'
580 3981 667 4053 Nuper
684 4004 717 4037 ex
736 3998 781 4038 tua
798 3989 971 4039 insinuatione
988 3989 1132 4053 accepimus
1151 3988 1363 4052 quemadmodum
1381 3995 1447 4037 terre
1474 3996 1565 4038 sancte

369 4081 522 4136 procuratur
540 4075 646 4134 utilitas,
665 4076 685 4123 si
704 4077 813 4138 pecunie
831 4075 929 4125 decime
946 4074 974 4122 in
992 4074 1106 4137 partibus
1118 4073 1169 4123 illis
1179 4073 1288 4123 collecta
1298 4075 1323 4122 in
1331 4072 1469 4122 Franciarn
1479 4080 1564 4124 nans-

369 4157 492 4217 mittstur‚
512 4173 599 4208 uerum
618 4168 703 4209 temen
721 4159 824 4220 hmine,
843 4161 911 4221 quod
929 4159 1020 4223 prelati
1036 4159 1149 4221 ipsarum
1166 4157 1277 4221 partium
1298 4159 1324 4207 id
1349 4158 1405 4207 fieri
1430 4159 1463 4207 de
1491 4157 1564 4209 dacili

369 4258 422 4292 non
439 4243 586 4306 permittent
602 4244 696 4307 absque
715 4245 835 4294 mandato
854 4244 921 4292 sedis
939 4242 1078 4306 apostolice
1096 4242 1209 4307 speciali.
1235 4241 1289 4292 Nos
1315 4245 1400 4306 itaque
1430 4246 1565 4307 cupientes

370 4328 436 4376 dicte
454 4335 520 4376 terre
537 4329 712 4392 prosperitatis
731 4329 867 4392 commoda
884 4343 1031 4392 procurare,
1042 4329 1115 4377 discr.
1130 4335 1174 4377 tue
1193 4342 1239 4390 per
1254 4343 1298 4390 ap.
1317 4343 1365 4377 scr.
1383 4343 1416 4378 m.
1435 4336 1565 4391 quatenus

368 4414 502 4476 pecuniam
519 4413 601 4476 ipsam
619 4428 705 4463 coram
723 4414 823 4463 duobus
842 4412 883 4470 uel
911 4414 990 4463 tribus
1020 4413 1152 4477 episcopis,
1181 4409 1280 4465 reddite
1309 4413 1423 4475 plenarie
1452 4413 1565 4476 ratione,

368 4499 450 4560 ipsam
468 4499 569 4547 demum
587 4500 633 4547 sub
652 4500 795 4550 testimonio
812 4499 956 4548 litterarum
972 4499 1087 4562 ipsorum
1104 4498 1283 4561 episcoporum
1300 4512 1388 4548 eorum
1405 4500 1564 4549 munitarum

369 4583 656 4644 sigillisin‘l'rencinm
675 4572 806 4634 nostro'et
823 4583 932 4634 ecclesie
949 4584 1063 4633 Romane
1081 4583 1184 4632 nomine
1203 4581 1340 4633 transferre
1365 4588 1392 4632 et
1417 4582 1480 4632 inibi
1505 4598 1564 4633 eam

369 4669 462 4732 deponi
480 4670 506 4716 in
524 4677 580 4718 tuto
599 4669 657 4719 loco
676 4684 804 4734 procures,
825 4670 857 4718 de
875 4670 1017 4732 quantitate
1036 4674 1122 4716 autem
1145 4667 1290 4716 huiusmodi
1316 4667 1424 4732 pecunie
1449 4676 1477 4716 et
1502 4667 1564 4718 loco

369 4753 395 4800 in
413 4766 463 4813 quo
481 4753 597 4816 deposita
614 4752 697 4815 suerit,
715 4753 794 4804 facias
806 4753 861 4803 fieri
874 4753 1005 4816 publicum
1017 4751 1297 4814 justrumentum‚illud
1311 4754 1383 4803 nobis
1395 4754 1564 4816 postmodum

340 4837 528 4913 'remissurus
574 4836 701 4888 Volumus
728 4845 813 4889 tamen
836 4838 905 4901 quod
931 4838 1009 4899 inem
1038 4836 1150 4901 episcopi
1179 4843 1301 4899 quantum
1328 4839 1359 4887 de
1381 4838 1482 4888 decima
1505 4838 1563 4902 ipsa
