3584 5625
811 467 849 524 21

317 656 392 713 Item
415 654 516 713 hebuit
538 654 592 713 dr‘rs
613 674 666 712 rex
677 652 835 729 Norwegie
852 653 1036 711 medietatem
1055 654 1132 713 dicte
1149 654 1269 714 decime.
1280 654 1426 720 ,videlicet

234 756 281 831 ‚iij
305 776 418 814 merces
440 754 550 832 argentj
574 756 611 814 ad
632 755 745 831 pondus
766 754 956 813 Noricanum.

318 857 392 915 Item
415 857 475 932 nijs
496 856 575 931 lxvij.
598 876 711 915 marcas
735 876 800 915 cum
823 856 942 915 dimidia
964 857 991 915 in
1013 878 1107 934 parua
1135 857 1260 934 pecnnia
1288 857 1426 915 noricene

234 958 271 1015 ad
294 958 402 1016 dictum
426 959 547 1034 pondus.

318 1160 471 1236 Reliquam
494 1178 564 1219 vero
587 1159 770 1217 medietatem
793 1159 964 1218 retinuimus
983 1180 1036 1235 pro
1054 1180 1169 1219 emnem
1180 1159 1228 1235 dr‘rj
1241 1159 1329 1217 nostri
1340 1179 1425 1242 pape.

234 1260 368 1319 videlicet
391 1259 438 1336 .iij.
459 1280 572 1320 marcas
594 1260 713 1336 ergentj.
738 1270 922 1337 computatas
941 1281 993 1337 pro
1012 1280 1117 1319 nouem
1130 1259 1235 1319 marcis
1246 1261 1321 1320 dicte
1333 1282 1424 1338 perne

233 1362 354 1439 pecunie
374 1363 531 1421 Noricane.

315 1466 390 1523 Item
411 1464 472 1539 ‚vije
493 1462 572 1536 lxvij.
594 1482 706 1521 merces
729 1483 794 1522 cum
819 1463 937 1520 dimidia
960 1463 987 1521 in
1010 1482 1103 1540 parua
1124 1463 1248 1538 pecunie
1276 1464 1424 1523 Noricam

233 1567 393 1643 ponderata
416 1566 453 1624 ad
475 1565 588 1641 pondus
610 1547 787 1622 noricanum.

293 1769 437 1830 'Summe
458 1765 563 1844 pagine
586 1767 621 1824 de
643 1767 768 1843 receptis
790 1785 843 1843 pro
866 1784 982 1824 camera

459 1850 495 1927 iij.
518 1852 634 1909 marche
657 1850 776 1928 argentj.

231 1936 298 2013 [ap]
459 1936 510 2011 vijs
532 1935 611 2011 lxvij.
632 1938 749 1994 marche
773 1955 838 1994 cum
861 1936 980 1994 dimidia
1002 1954 1092 2013 perue
1115 1945 1237 1994 monete.

711 2134 945 2222 Nidrosiensis

316 2294 439 2352 Decima
462 2291 587 2352 ciuitatis
610 2301 639 2349 et
669 2290 791 2350 diocesis
820 2291 1016 2350 Nidrosiensis
1049 2292 1175 2350 aseendit
1206 2311 1259 2368 pro
1291 2293 1421 2368 quolibet

230 2415 307 2453 anno
329 2396 381 2470 vij0.
404 2394 422 2451 i.
444 2414 532 2453 merc.
553 2393 591 2468 iij.
614 2414 679 2451 vnc.
703 2411 794 2469 perus
814 2401 928 2450 monete
940 2394 1095 2452 Noriconc.
1119 2394 1250 2452 ascendit
1271 2393 1349 2450 dicta
1370 2395 1420 2451 ‹le-

230 2497 306 2555 cima
327 2497 354 2554 in
378 2495 527 2554 uniuersso
547 2494 582 2553 de
604 2514 656 2551 sex
679 2494 769 2553 annis.
791 2494 850 2570 iiijr
865 2495 898 2571 ij0.
920 2495 985 2571 xiij.
1008 2494 1136 2570 mereij.
1154 2515 1219 2553 vnc.
1238 2496 1314 2553 dicte
1329 2516 1421 2572 perne

229 2609 344 2656 monete
367 2599 525 2674 ponderate
547 2597 585 2654 sd
607 2596 721 2672 pondus
743 2597 920 2655 noricanum.
943 2617 1000 2673 que
1022 2596 1138 2673 quidem
1167 2596 1279 2655 decime
1305 2606 1420 2673 reperte

228 2698 281 2756 luit
303 2700 425 2757 collecte
449 2708 476 2754 et
497 2697 624 2774 reposito
643 2698 672 2755 in
693 2698 825 2757 sacristia
847 2698 969 2757 ecclesie
991 2697 1197 2769 Nidrosiensis‚
1230 2707 1259 2756 et
1289 2718 1342 2774 por
1373 2718 1420 2757 me

229 2800 411 2859 Bernerdum
423 2800 458 2857 de
471 2798 580 2859 Ortolis
590 2808 709 2876 recepte
720 2819 738 2858 n
750 2801 807 2859 dno
819 2799 1038 2877 archiepiscopo
1055 2799 1237 2859 Nidrosiensi
1255 2800 1283 2858 in
1301 2801 1419 2859 modum

228 2902 278 2978 qui
300 2902 440 2977 sequitur.
631 2885 634 2896 ¹
1053 2884 1055 2889 Ι
1403 2979 1408 2989 Ι

312 3005 401 3062 Anno
424 3004 473 3061 dni
495 3003 646 3063 millesimo
680 3011 753 3062 .ccc⁰.
786 3004 888 3079 ,xxvijl
922 3013 951 3061 ct
981 3005 1075 3080 prima
1108 3004 1155 3062 die
1187 3005 1292 3063 mensis
1320 3005 1421 3081 Medij.

228 3105 338 3180 Recepi
360 3123 415 3180 ego
438 3105 472 3162 B.
495 3106 530 3162 de
549 3105 658 3166 Ortolis
680 3127 698 3163 a
722 3108 780 3164 dno
802 3107 906 3164 Elawo
930 3107 1147 3183 archiepiscopo
1169 3106 1348 3165 Nidrosiensi
1371 3105 1420 3179 .vj⁰.

229 3204 328 3281 lxxvij.
352 3226 465 3265 marces
486 3207 597 3283 ergentj
622 3208 795 3283 ponderatas
818 3209 855 3266 ad
877 3209 992 3284 pondus
1014 3207 1202 3266 Noricanum.
1225 3209 1279 3266 luit
1300 3226 1419 3283 compn-

230 3315 291 3364 tata
313 3307 442 3383 quelibet
465 3327 562 3366 merce
585 3310 705 3385 argenti.
729 3328 781 3385 pro
803 3310 895 3368 tribus
918 3309 1050 3367 marchis.
1073 3309 1329 3383 etduebusvncijs
1344 3309 1419 3367 dicte

226 3427 318 3482 paruo
341 3420 462 3468 monete.
486 3411 614 3470 aseendit
635 3410 743 3468 dictum
773 3422 925 3486 argentum
956 3411 1003 3485 .ije
1028 3411 1061 3485 ijs
1094 3429 1181 3468 marc.
1203 3411 1231 3486 ij.
1253 3431 1318 3469 vnc.
1343 3412 1419 3471 dicte

226 3526 317 3583 perne
340 3520 462 3569 monete.

311 3611 385 3670 Item
408 3614 464 3688 xij.
486 3615 587 3673 vncies
609 3615 645 3672 (le
667 3633 747 3686 aure,
760 3623 943 3689 computatos
975 3634 1028 3691 pro
1050 3614 1158 3689 axviij.
1182 3615 1306 3673 marchis
1327 3635 1418 3692 perne

226 3723 349 3771 monete.

310 3816 385 3873 Item
407 3817 519 3893 .xxiiij⁰.¹
532 3818 632 3877 dentes
654 3819 689 3876 de
711 3819 823 3878 roardo.
839 3829 1023 3894 computatos
1051 3839 1104 3895 pro
1127 3818 1184 3894 .xij.
1206 3820 1329 3879 marchis
1352 3839 1418 3878 cum

225 3915 344 3974 dimidie
365 3938 456 3995 perue
479 3921 610 3995 pecunie.
633 3921 681 3997 qui
704 3923 804 3981 dentes
834 3922 950 3980 luerunt
978 3919 1086 3978 vendit-i
1119 3940 1172 3996 pro
1206 3920 1262 3995 .xij.
1293 3922 1418 3980 marchis

225 4038 316 4095 paruo
338 4024 460 4096 pecunie
482 4022 637 4081 Noricane.

310 4123 385 4181 Item
409 4123 455 4181 .ix.
477 4143 565 4182 zonas
588 4126 623 4183 de
647 4126 735 4195 corio,
757 4137 785 4184 et
806 4145 893 4185 vnem
916 4127 952 4183 de
975 4125 1061 4185 cirico
1084 4126 1208 4188 munitas
1230 4128 1265 4185 de
1288 4136 1416 4203 argento.

226 4210 409 4299 computatas
432 4245 485 4302 pro
506 4226 594 4302 xxiij.
618 4228 741 4287 marchis
763 4229 838 4287 dicte
860 4249 951 4306 paruo
973 4237 1094 4286 monete.
1117 4248 1174 4305 que
1202 4250 1273 4288 zone
1301 4230 1416 4288 inerunt

224 4326 341 4385 vendite
364 4327 452 4402 .xxiij.
476 4348 562 4387 marc.
587 4330 661 4387 dicte
684 4350 776 4406 perne
798 4340 912 4389 monete
934 4331 1091 4389 Noricene.

309 4427 383 4486 Item
396 4449 441 4486 .m.
454 4429 526 4506 viiije
547 4431 629 4507 xliiij.
642 4451 730 4490 marc.
745 4450 810 4489 cum
830 4432 949 4490 dimidia
964 4433 992 4490 in
1010 4452 1103 4509 parua
1119 4432 1244 4509 pecunia
1258 4432 1415 4491 Norieana.

308 4630 354 4690 De
377 4633 483 4710 quibus
502 4635 604 4692 hebuit
626 4636 679 4693 dr‘rs
711 4655 763 4693 rex
792 4635 950 4710 Norwegie
979 4635 1163 4694 medietatem
1195 4636 1331 4695 videlicet
1362 4636 1414 4712 .iije

223 4731 344 4809 xxxviij.
367 4753 480 4793 marces
502 4746 579 4794 cum·
592 4736 712 4793 dimidia
733 4735 853 4813 ergentj.

308 4834 382 4893 Item
394 4836 439 4911 .iij.
452 4835 551 4894 vncias
565 4856 630 4895 cum
643 4837 760 4896 dimidie
777 4840 812 4896 de
831 4859 903 4898 auro
922 4839 959 4897 ed
978 4839 1086 4898 dictum
1099 4839 1212 4915 pondus
1223 4837 1412 4899 Noricenum.

721 4984 728 5013 l
