3584 5625
779 488 926 546 ²⁷0

326 673 526 733 conseruandae
544 674 608 731 Nos
630 673 760 749 uolentes
781 675 874 750 ipsam
897 683 929 731 vt
946 675 975 731 in
986 674 1131 750 predictos
1142 693 1211 733 vsus
1222 674 1383 749 dispensari
1394 673 1514 732 liberius

326 782 355 832 et
376 772 544 833 *comodius
564 774 661 831 valeat
679 774 709 831 in
742 784 804 832 tuto
836 775 903 833 loco
933 785 962 833 et
993 777 1106 852 ydoneo
1138 776 1232 834 donec
1263 774 1348 834 aliter
1380 775 1417 832 de
1449 775 1515 852 ipsa

325 875 554 933 ordinauen'mus
594 876 689 934 tucius
725 876 881 948 custodiri,
912 876 1093 935 Discrecioni
1132 885 1227 936 vestre
1261 896 1312 953 per
1350 875 1515 952 apostolica

325 976 434 1053 scripta
455 975 659 1035 committimus
680 986 709 1033 ct
731 976 912 1047 mandamus,
934 987 1078 1052 quatenus
1099 987 1159 1035 tam
1181 996 1200 1034 a
1220 977 1435 1036 venerabilibus
1456 976 1514 1034 irs·

325 1078 417 1136 tribus
437 1079 543 1137 nostris
564 1075 754 1154 suffraganeis
775 1077 833 1140 tuis
854 1077 983 1154 predicte
1005 1079 1221 1155 archiepiscope
1243 1097 1331 1155 quam
1353 1077 1417 1153 elijs
1448 1096 1514 1154 per·

325 1179 403 1239 sonis
425 1188 454 1236 et
475 1177 547 1237 locis
568 1177 619 1236 ubi
639 1178 688 1236 uel
710 1179 789 1255 apud
811 1198 868 1255 que
895 1179 973 1238 dicta
1007 1180 1119 1239 decima
1150 1180 1236 1238 fuerit
1267 1199 1319 1239 seu
1339 1178 1515 1257 peruenerit,

325 1300 413 1357 super
432 1278 538 1362 quibus
557 1298 610 1338 vos
631 1280 786 1337 summarie
808 1278 976 1355 simpliciter
998 1291 1027 1339 et
1049 1282 1085 1339 de
1111 1281 1199 1358 plano
1229 1300 1264 1339 ac
1296 1280 1358 1340 sine
1390 1279 1516 1355 strepitu

326 1390 356 1440 et
376 1382 470 1455 ligura
484 1379 587 1455 judicij
610 1379 685 1438 sicut
706 1380 843 1457 expedire
865 1381 1003 1452 uideritis,
1022 1381 1189 1460 informetis,
1201 1382 1361 1459 predictam
1371 1380 1516 1439 decimam

325 1483 382 1541 iam
405 1481 557 1540 collectam
578 1500 633 1539 nec
655 1500 711 1539 non
733 1492 793 1540 tam
816 1484 860 1565 ab,
883 1483 1037 1560 Episcopis
1065 1503 1153 1560 quam
1183 1486 1220 1542 ab
1249 1482 1312 1558 alijs
1332 1480 1465 1559 personis
1487 1489 1516 1540 et

325 1567 396 1643 locis
419 1582 621 1642 ecclesiasticis
644 1581 771 1641 eiusdem
804 1583 953 1660 prouincie
986 1584 1076 1661 ipsius
1109 1585 1220 1643 decime
1251 1583 1368 1642 residua
1398 1583 1423 1643 si
1449 1602 1517 1661 qus

325 1685 430 1743 luerint
441 1685 612 1762 colligenda,
623 1692 731 1760 petere,
743 1684 859 1761 exigere
871 1705 907 1746 ac
918 1686 1046 1762 recipere
1068 1696 1167 1744 nostro
1189 1695 1217 1743 et
1239 1684 1360 1743 ecclesie
1381 1685 1517 1744 Romane

326 1788 442 1845 nomine
463 1804 529 1846 curu
551 1785 724 1862 integritate,
747 1786 899 1864 ipsamque
919 1787 948 1843 in
978 1786 1075 1862 aliquo
1108 1794 1172 1844 tuto
1204 1786 1270 1844 loco
1303 1785 1396 1844 donec
1429 1785 1517 1845 uobis

326 1887 397 1964 quid
419 1888 455 1945 de
476 1887 527 1945 illa
548 1886 678 1945 debeatis
710 1886 814 1960 iacere,
835 1888 1078 1960 mandauerimus,
1105 1906 1279 1947 conseruare
1310 1886 1434 1968 fideliter
1453 1895 1517 1945 stu·

326 1986 429 2061 deatis,
441 1988 669 2048 contradictores
691 1997 720 2046 et
741 1989 863 2048 rebelles
884 1989 1030 2066 quoslibet
1050 2008 1138 2066 super
1159 1987 1212 2063 hijs
1232 1996 1383 2064 exemptos
1405 1996 1434 2046 et
1454 2007 1517 2048 non

327 2098 486 2166 exemptos,
507 2088 657 2166 religiosos
679 2100 708 2147 et
742 2090 898 2163 seculares,
930 2090 1137 2167 cuiuscumque
1167 2088 1284 2165 gradm,
1312 2088 1429 2162 ordinis,
1455 2098 1517 2149 sta-

326 2201 373 2250 tus
395 2171 443 2249 uel
465 2190 642 2250 condicionis
664 2191 790 2251 existant
812 2191 944 2250 etiamsi
972 2190 1130 2268 pontificali
1162 2190 1303 2266 dignitate
1334 2190 1519 2268 promineant

327 2292 500 2350 auctoritate
522 2300 621 2351 nostra
643 2292 844 2369 appellacione
861 2292 1023 2370 postposita
1034 2293 1253 2369 compescendo,
1264 2311 1321 2350 non
1332 2291 1518 2352 obstantibus

327 2392 522 2469 exempcionis
541 2403 570 2452 et
591 2394 768 2471 quibuslibet
789 2393 851 2469 alijs
882 2393 1042 2471 priuilegijs
1073 2405 1102 2453 et
1132 2392 1323 2470 indulgencijs
1355 2393 1519 2469 apostolice

326 2493 402 2558 sedis
424 2493 633 2573 cuiuscumque
654 2495 761 2555 tenoris
783 2495 909 2555 existant
927 2496 1015 2555 etiam
1035 2496 1059 2555 si
1081 2497 1118 2555 de
1134 2495 1191 2556 illis
1206 2494 1321 2556 essetis
1332 2493 1519 2571 presentibus

326 2596 363 2655 de
382 2598 473 2658 uerbo
494 2598 533 2657 ad
554 2598 676 2657 uerbum
697 2597 832 2675 specialis
859 2607 889 2656 et
921 2617 1059 2676 expressa
1087 2597 1200 2656 mencio
1232 2596 1372 2669 iacienda,
1402 2613 1456 2654 seu
1489 2596 1517 2656 si

327 2697 368 2757 eis
388 2697 436 2758 uel
457 2699 587 2776 ipsorum
609 2698 754 2775 aliquibus
773 2700 964 2758 communiter
985 2699 1033 2758 uel
1055 2699 1168 2758 diuisim
1190 2700 1228 2757 ab
1251 2698 1352 2758 eadem
1379 2696 1418 2756 sit
1442 2697 1516 2756 sede

325 2798 468 2859 indultum
490 2801 570 2879 quod
591 2801 628 2860 ad
650 2801 827 2862 solucionem
857 2801 980 2862 alicuius
1008 2800 1119 2861 decime
1151 2800 1267 2859 minime
1299 2807 1462 2870 teneantur,
1486 2808 1518 2858 et

325 2901 415 2960 ad-id
437 2903 580 2980 compelli,
602 2912 653 2962 aut
674 2904 753 2980 quod
774 2903 916 2976 interdici,
936 2903 1073 2980 suspendi
1100 2903 1149 2961 uel
1176 2900 1422 2962 excommunicari
1452 2920 1516 2961 non

325 3003 436 3081 possint
456 3024 509 3080 per
529 3005 640 3064 litteras
661 3005 835 3082 apostolicas
855 3015 919 3064 non¹
934 3004 1073 3063 facientes
1094 3003 1211 3080 plenam
1230 3013 1260 3061 et
1287 3019 1454 3078 expressam
1477 3022 1516 3062 ac

325 3105 362 3164 de
383 3104 474 3164 uerbo
495 3107 532 3164 ad
554 3107 676 3164 uerbum
698 3107 734 3164 de
755 3106 866 3165 indulto
884 3104 1048 3164 huiusmodi
1058 3105 1246 3175 mencionem,
1257 3103 1402 3163 Volumus
1413 3112 1516 3162 autem
1553 3129 1555 3132 ⁴

325 3207 404 3283 qu'od
426 3208 605 3283 assignantes
631 3206 771 3266 decimam
804 3218 833 3266 et
865 3208 980 3266 residua
1012 3206 1181 3283 supradicta
1212 3206 1328 3283 possitis
1358 3204 1516 3264 absoluere

326 3308 439 3385 plenius
461 3318 490 3366 et
511 3309 635 3386 quittare
658 3309 694 3366 de
715 3308 769 3381 hijs
791 3328 847 3385 que
869 3309 935 3367 inde
963 3308 1129 3385 receperitis
1160 3308 1197 3364 ab
1231 3306 1348 3379 eisdem,
1378 3305 1515 3365 iaciendo

324 3428 412 3485 super
432 3410 679 3486 assignacionibus
700 3410 819 3487 singulis
842 3411 900 3469 duo
928 3410 1030 3469 confici
1063 3392 1223 3468 consimilia
1254 3407 1373 3484 publica
1399 3406 1515 3482 jnstru·

324 3521 429 3584 menta,
452 3530 576 3587 quorum
597 3512 688 3570 altero
710 3532 799 3589 penes
820 3512 999 3588 assignantes
1018 3510 1144 3581 dimisso,
1166 3509 1309 3585 reliquum
1328 3508 1366 3566 ad
1382 3517 1515 3567 nostram

324 3632 469 3673 cameram
491 3613 604 3672 mittere
626 3613 796 3689 procuretis,
825 3615 963 3689 quodque
996 3611 1073 3671 dicta
1095 3611 1211 3669 residua
1232 3630 1285 3687 per
1305 3624 1359 3668 uos
1380 3608 1429 3667 uel
1451 3610 1514 3668 col·

323 3714 446 3773 lectores
468 3734 486 3771 a
506 3715 591 3774 uobis
610 3715 639 3773 in
661 3714 781 3791 singulis
804 3715 970 3774 ciuitatibus
998 3721 1027 3771 et
1059 3711 1223 3770 diocesibus
1256 3711 1333 3770 dicte
1361 3710 1514 3787 prouincie
1592 3704 1600 3725 ”

323 3816 504 3891 deputandos
525 3825 613 3892 prout
634 3825 807 3892 oportunum
837 3815 1032 3892 cognoueritis
1067 3812 1204 3888 colligere
1234 3811 1366 3884 ualeatis,
1398 3811 1513 3873 Datum

322 3917 469 3983 Auinione
491 3916 547 3992 iiij.
569 3916 672 3976 Nonas
694 3918 823 3992 Augusti
844 3918 1036 3976 Pontificatus
1057 3918 1148 3978 nostri
1169 3936 1245 3976 anno
1267 3915 1350 3990 ‚xiiijr
1449 3917 1452 3923 '

406 4018 544 4095 Sequitur
564 4029 664 4078 tenore
685 4018 845 4090 litterarum
867 4019 1076 4078 commissionis
1097 4017 1253 4078 insolidum
1275 4036 1362 4094 super
1376 4016 1514 4077 omnibus

322 4119 450 4196 negocijs
470 4120 546 4179 lacte
568 4120 637 4178 mihi
658 4120 747 4178 Petro
771 4119 905 4194 Geruasij
929 4120 1059 4196 predicto
1082 4120 1132 4196 qui
1154 4119 1221 4178 talis
1243 4128 1294 4178 est.

404 4221 553 4280 Johannes
574 4221 728 4297 episcopus
750 4240 852 4279 seruus
873 4239 1024 4278 seruorum
1046 4220 1100 4277 dei.
1123 4221 1228 4279 dilecto
1250 4221 1309 4279 filio
1327 4219 1418 4291 Petro
1434 4217 1513 4279 Ger·

320 4321 393 4380 uasii
415 4322 553 4381 canonico
575 4322 696 4381 ecclesie
713 4332 812 4382 sancte
828 4322 934 4397 Euodij
953 4322 1118 4380 Aniciensis
1132 4322 1290 4398 apostolice
1305 4320 1382 4380 sedis
1392 4320 1514 4381 Nuncie

314 4422 449 4485 Salutem
482 4433 512 4481 et
543 4424 732 4500 apostolicam
765 4423 1004 4480 benedictionem.
1054 4424 1101 4481 De
1122 4434 1171 4480 tue
1194 4421 1461 4497 circumspectionis
1482 4431 1515 4481 et

318 4523 463 4583 fidelitatis
485 4525 627 4584 industria
648 4526 763 4601 plenam
784 4526 812 4582 in
835 4526 893 4582 diro
914 4524 1050 4581 fiduciam
1074 4525 1236 4583 obtinentes
1257 4533 1286 4581 te
1308 4524 1345 4581 ad
1374 4522 1514 4598 Regnum

317 4625 411 4684 Dacie
433 4626 612 4702 procidimus
634 4627 835 4685 destinandum
859 4625 944 4684 certis
965 4624 1072 4682 ibidem
1097 4625 1224 4700 negocijs
1246 4645 1298 4683 nos
1315 4624 1514 4684 etecclesiam

316 4730 478 4788 Romanam
501 4729 686 4806 tangentibus
707 4728 758 4786 tibi
787 4738 816 4786 ct
848 4725 1063 4784 venerabilibus
1094 4725 1230 4784 fratribus
1261 4725 1376 4797 nostris,
1396 4724 1513 4784 Karolo

317 4829 546 4907 Archiepiscopo
567 4829 716 4889 Lundensi
739 4839 767 4887 et
788 4827 916 4888 Johenni
939 4827 1075 4903 episcopo
1097 4827 1280 4886 Roskildensi
1301 4846 1354 4902 per
1379 4825 1514 4887 diuersas
