3584 5625
819 494 858 555 4⁷

241 681 374 756 Colonia,
395 691 563 760 computate
584 681 714 758 quelibet
735 700 835 741 merce
866 681 977 758 argenti
999 700 1052 758 pro
1076 701 1112 740 .v.
1134 682 1239 741 mercis
1262 682 1318 758 .vij.
1338 681 1430 758 vncijs

241 784 318 843 dicte
339 803 429 861 perus
451 792 574 841 monete.
596 801 684 859 quam
707 781 856 843 Summam
878 783 1040 860 recepimus
1061 783 1090 840 in
1119 811 1147 821 -
1199 848 1206 862 .

527 883 658 959 lxxxxij.
678 885 742 942 don.
764 884 911 960 regalibus
933 884 994 942 euri
1017 884 1149 943 Francie.

528 992 568 1043 .v⁰.
590 984 639 1060 iiij.
661 984 777 1043 florenis
799 984 870 1060 eurj.
1003 988 1006 995 '

529 1085 578 1145 .iii.
599 1087 662 1144 den.
685 1086 795 1145 Turon.
817 1104 908 1162 gross.
929 1086 1048 1162 ergentj.

527 1188 564 1245 .ῖῖ.
587 1187 650 1245 deu.
672 1187 875 1263 sterlingorum
898 1187 1017 1262 argenti.

325 1289 507 1365 Compulatis
528 1290 649 1366 singulis
671 1289 775 1347 merois
797 1287 918 1365 argenti,
940 1308 993 1364 pro
1021 1289 1058 1346 li.
1093 1291 1157 1348 den.
1191 1291 1301 1351 Turon.
1336 1311 1428 1367 gross.

240 1410 297 1467 que
319 1390 407 1449 clxii.
428 1409 525 1449 murco
547 1409 612 1448 cum
635 1390 753 1447 dimidie
775 1389 896 1465 argentj.
921 1390 1019 1448 velent
1043 1391 1086 1450 sic
1115 1401 1281 1466 computate
1305 1394 1428 1451 .xxxiiii.

240 1493 328 1551 libras
350 1512 386 1550 .x.
407 1492 459 1551 sol.
482 1491 530 1566 vij.
553 1493 617 1550 den.
642 1511 707 1551 cum
731 1491 849 1549 dimidio
873 1481 984 1550 Turon.
1006 1511 1098 1567 gross.
1143 1492 1182 1548 Et
1203 1492 1324 1569 singulis
1346 1514 1429 1570 rege·

238 1594 314 1652 libus
336 1613 388 1670 pro
412 1593 488 1668 .xvij.
511 1595 575 1652 den.
599 1595 708 1652 Turon.
730 1613 821 1669 gross.
853 1605 881 1650 ct
909 1593 1045 1668 singulis·
1060 1593 1175 1651 florenis
1198 1614 1250 1669 pro
1273 1596 1342 1670 .xiij.
1365 1597 1430 1655 den.

133 1706 136 1712 '
240 1696 351 1753 Turon.
375 1714 466 1771 gross.
489 1704 518 1753 et
539 1696 565 1753 .i.
585 1695 723 1771 sterlingo
746 1695 928 1770 computatis.

322 1796 397 1854 Item
420 1796 456 1854 <le
483 1824 515 1834 -
542 1797 675 1854 ‚mclxxu
698 1797 803 1854 mercis
836 1816 926 1872 perue
959 1806 1073 1854 monete
1100 1796 1212 1856 Swecie
1243 1798 1363 1855 emimus
1384 1813 1527 1851 -reluln

241 1898 284 1973 ‚ijs
304 1917 417 1956 marcos
439 1898 551 1974 argenti
574 1898 611 1955 ad
633 1899 746 1974 pondus
769 1898 804 1954 de
827 1896 958 1961 Colonia,
982 1907 1150 1973 computata
1175 1901 1295 1957 marcha
1317 1901 1429 1976 argenti

239 2019 292 2076 pro
316 2020 352 2059 .v.
387 1999 490 2058 marcis
521 1999 576 2074 .vij.
608 1999 697 2073 vncijs
730 2018 820 2074 pcrue
854 2009 968 2057 monete
1000 2000 1121 2060 Swecie.
1157 2019 1246 2077 quem
1279 2000 1429 2059 Summam

238 2102 401 2179 recepimus
431 2102 458 2158 in
492 2129 531 2139 -
554 2100 614 2176 .vijc.
636 2101 693 2157 lxv.
715 2100 830 2158 florenis
858 2101 931 2168 euri,
964 2102 1138 2177 computatis
1169 2101 1291 2177 singulis
1325 2102 1429 2160 marcis

239 2204 352 2280 argenti
374 2223 427 2280 pro
451 2202 487 2261 .li.
510 2202 633 2261 denariis
656 2202 766 2260 Turon.
788 2220 878 2278 gross.
901 2222 958 2279 que
977 2204 1094 2260 marche
1115 2203 1225 2261 iaciunt
1247 2202 1315 2277 .xlij.
1340 2204 1429 2263 libres

239 2325 279 2362 .x.
299 2305 405 2363 solidos
417 2304 629 2362 Turonensium
652 2322 826 2378 grossorum.
849 2313 877 2360 et
900 2304 1074 2379 computatis
1096 2305 1216 2381 singulis
1237 2306 1354 2362 florenis
1376 2324 1429 2380 pro

238 2406 308 2480 eiij.
331 2405 455 2480 denerijs
477 2405 695 2464 Turonensibus
716 2405 822 2480 grossis
844 2415 873 2461 et
894 2424 951 2463 vno
973 2405 1119 2481 sterlingo.

323 2508 398 2565 Item
421 2507 457 2565 de
485 2534 514 2544 ··
542 2506 589 2564 αῖ.
611 2505 693 2564 libris
715 2524 751 2563 .x.
784 2506 881 2563 solidis
906 2505 1108 2582 sterlingorum
1141 2507 1253 2582 argenti
1282 2508 1429 2583 Recepto·

238 2629 302 2668 rum
326 2609 354 2666 in
378 2608 492 2668 Sweoia
514 2608 634 2665 emimus
656 2636 689 2643 -
717 2606 755 2681 .ij.
789 2626 902 2665 marces
934 2607 971 2682 ij.
1004 2608 1104 2666 vncies
1138 2608 1174 2684 .ij.
1207 2609 1312 2666 tercies
1344 2608 1430 2666 νηοῖο

151 2783 154 2788 .
238 2710 303 2768 auri
325 2711 362 2768 ad
383 2710 497 2786 pondus
519 2710 554 2767 de
578 2708 702 2769 Scheris.

325 2909 391 2989 [apl
415 2912 535 2980 Summe
557 2910 660 2987 cambij
682 2910 750 2970 iacti
771 2892 806 2968 de
829 2921 944 2970 monete
965 2912 1093 2972 Sueuico
1113 2922 1163 2972 est.

418 3013 505 3090 xlvij.
524 3013 591 3090 ugni
613 3013 686 3071 auri.

418 3135 463 3174 .m.
483 3121 516 3171 νῖ
537 3115 597 3172 lxv.
620 3115 722 3173 floreni
744 3114 815 3173 euri.

418 3217 478 3293 .vij0.
499 3215 549 3295 iiij.
571 3218 635 3275 den.
658 3217 746 3292 rogel.
771 3216 834 3273 auri
857 3217 892 3274 de
916 3217 1051 3276 Francia.

418 3318 464 3394 iij.
487 3319 552 3378 den.
575 3319 613 3376 ad
636 3319 801 3377 cathedram
824 3318 860 3374 de
882 3337 962 3375 auro.
1041 3346 1045 3356 ·

418 3420 454 3496 .ij.
487 3439 584 3478 merce
617 3419 652 3495 .ij.
680 3420 764 3478 νηοῖο
792 3418 827 3494 .ij.
855 3420 936 3494 tercij
966 3419 1048 3477 νηοῖο
1081 3419 1144 3477 euri
1177 3420 1215 3476 ad
1249 3422 1362 3496 pondus
1395 3420 1431 3479 de

462 3519 568 3582 Souris.

419 3642 454 3680 .v.
477 3624 529 3683 sol.
555 3622 602 3698 .xj.
625 3621 689 3679 den.
710 3621 820 3679 Turon.
842 3639 933 3695 gross.
955 3621 1067 3697 argenti
1087 3621 1123 3678 de
1146 3622 1280 3693 Francia,

419 3724 497 3800 .xliij.
520 3743 617 3782 merce
650 3741 685 3779 .v.
716 3723 799 3781 νηοῖο
828 3721 905 3798 .xvij.
937 3723 1001 3780 den.
1036 3723 1147 3798 argenti
1181 3724 1217 3780 ad
1249 3725 1363 3800 pondus
1395 3725 1432 3784 de

462 3824 626 3886 Stocolmis.

420 3927 498 3987 .xlix.
521 3945 617 3984 marce
639 3927 751 4002 argenti
774 3927 810 3984 ad
832 3926 946 4002 pondus
968 3925 1004 3983 de
1025 3925 1140 4002 Brugis.

405 4069 412 4095 ‘
930 4065 1000 4266 sui.
1021 4077 1085 4136 libr.
1107 4097 1136 4137 x.
1154 4077 1205 4136 sol.
1223 4078 1433 4158 sterlingorum

995 4181 1114 4257 argenti.

995 4384 1079 4443 νηοῖο
1102 4394 1216 4443 monete
1242 4384 1354 4446 Suecie.

422 4230 542 4293 Summe
553 4230 660 4290 valoris
673 4231 708 4288 de
726 4230 801 4289 dicte
811 4230 948 4472 Cainbij‘

296 4485 343 4524 o.

286 4463 354 4542 lp]
508 4553 546 4610 En
567 4553 608 4611 sio
630 4561 740 4611 restant
767 4553 803 4610 de
832 4553 910 4611 dicta
942 4563 1061 4612 monete
1093 4553 1221 4614 Sueuico
1249 4584 1273 4591 -
1306 4555 1353 4613 ix.
1375 4553 1434 4630 lvij.

423 4673 519 4711 marce
544 4655 571 4711 .i.
593 4653 680 4712 νηοῖο
700 4654 769 4711 .xix.
792 4655 912 4730 densrij.

466 4808 469 4815 .
506 4757 609 4814 Restat
631 4755 716 4813 etiam
740 4756 776 4813 de
797 4756 949 4833 Sterlingis
969 4783 1010 4794 -
1034 4755 1140 4830 clxvij.
1157 4755 1229 4822 libr.
1251 4757 1360 4832 .ij.s01.
1384 4758 1434 4816 ix.

423 4856 488 4914 den.
505 4856 708 4931 sterlingorum
727 4858 848 4933 argenti.
902 4936 904 4940 ἱ
