3584 5625
893 501 936 562 ,82

226 605 260 644 iol.
267 606 297 643 53.
309 603 328 643 b.

228 667 254 703 cg
268 656 298 692 54.
310 666 327 693 ι.

229 718 260 745 ere
280 708 328 743 ube-

229 759 321 847 iiiii?
332 779 506 883 Sequitur
540 789 646 855 tenor
680 776 874 854 litterarum
913 802 1027 879 super
1073 776 1291 876 colligendis
1338 772 1517 853 fructibus

291 1013 294 1018 .
329 913 588 991 beneficiorum
625 914 838 989 vacancium
874 937 973 989 nunc
1011 937 1077 1014 per
1113 910 1320 990 Triennium
1358 922 1395 987 et
1426 909 1517 986 alias

420 1072 486 1150 per
515 1039 707 1124 Biennium
731 1033 774 1122 in
806 1044 940 1147 Regno
973 1046 1110 1124 Suecie
1141 1050 1200 1148 qui
1237 1046 1318 1122 talis
1350 1054 1417 1121 est.

411 1171 559 1255 dobannes
582 1196 735 1273 episcopius
756 1215 858 1253 seruus
879 1197 1030 1254 seruorum
1052 1195 1097 1253 dei
1119 1194 1236 1253 Dilecto
1256 1194 1315 1253 tilio
1334 1191 1516 1261 PetroGer·

287 1360 291 1368 ,
328 1298 400 1356 uasii
424 1293 563 1355 canonico
585 1285 750 1355 Vinariensi
773 1296 931 1372 apostolice
954 1298 1030 1357 sedis
1053 1297 1159 1362 nuncio
1181 1283 1365 1357 Salutem'et
1395 1303 1517 1371 aposto-

316 1395 421 1457 'licem'
436 1397 678 1480 benediccionem.
726 1389 868 1456 Volentes
899 1397 1008 1455 dudum
1040 1398 1146 1456 nostris
1179 1406 1207 1456 et
1239 1383 1360 1462 ecclesie
1382 1396 1518 1453 Romane

327 1493 546 1557 necessitatibus
584 1500 689 1575 quibus
727 1500 923 1574 grauabamur
954 1498 1029 1557 sicut
1059 1499 1154 1557 adhuc
1185 1497 1303 1574 grauari
1336 1495 1518 1567 dinoscimur

323 1599 490 1677 prouidere,
511 1600 630 1671 fructus,
651 1600 779 1659 redditus
803 1611 830 1658 et
852 1609 1010 1676 prouentus
1032 1599 1115 1675 primi
1138 1602 1205 1658 anni
1223 1587 1351 1658 omnium
1369 1607 1399 1655 et
1414 1597 1518 1672 singu·

327 1703 420 1760 lorum
443 1701 646 1759 beneficiorum
669 1700 930 1761 ecclesiasticorum
953 1720 1018 1760 cum
1041 1720 1112 1759 cura
1143 1701 1191 1759 uel
1223 1702 1292 1759 sine¹
1317 1719 1396 1769 cura,
1420 1698 1517 1775 digni·

317 1813 417 1860 ‘tatum
442 1803 536 1875 etiarn,
559 1796 762 1882 personatuum
793 1813 821 1861 et
849 1799 1019 1873 officiorum,
1052 1803 1300 1875 monasteriorum,
1332 1803 1516 1879 prioratuum

323 1915 356 1960 ¹et
378 1903 499 1960 aliorum
520 1895 652 1963 locoruni
673 1885 934 1964 ecclesiasticorum
954 1914 1012 1961 tam
1034 1903 1207 1962 secularium
1219 1922 1307 1980 quam
1324 1902 1515 1979 regularium,

318 2016 526 2080 exemptarum
550 2014 578 2062 et
600 2026 657 2063 non
679 1995 892 2082 exemptorum,
911 2025 967 2081 que
989 2006 1018 2062 in
1040 1988 1135 2090 regillis
1157 2003 1323 2081 Norwegie,
1345 2003 1452 2065 Suecie
1485 2013 1517 2061 et

325 2106 421 2166 Gocie
443 2109 511 2165 turi'c
534 2107 678 2165 vacabant
699 2117 727 2164 et
749 2126 806 2183 que
829 2126 920 2183 usque
943 2108 980 2165 ad
1010 2108 1172 2178 triennium,
1201 2105 1456 2183 qualitercumque·
1484 2115 1515 2162 et

317 2208 510 2284 ubicumque,
532 2207 617 2263 etiam
639 2208 663 2265 si
680 2210 763 2285 'apud
784 2210 881 2268 sedem
904 2207 1093 2284 apostolicam
1117 2228 1152 2265 ea
1184 2227 1290 2291 uacare
1323 2208 1514 2283 contingeret,

328 2309 412 2367 certis
435 2306 572 2382 e'c‘clesijs,
584 2308 772 2383 monasterijs,
784 2310 981 2385 dignitatibus,
993 2320 1022 2367 et
1033 2308 1180 2384 beneficijs
1195 2319 1290 2378 tamen
1308 2311 1448 2387 exeeptis,
1460 2327 1513 2385 per

327 2420 440 2469 nostras
461 2410 542 2468 certi
555 2411 662 2468 tenoris
684 2409 793 2469 litteras
815 2412 850 2468 de
872 2410 991 2469 fratrum
1014 2423 1177 2471 nostrorum
1188 2411 1308 2474 consilio
1320 2410 1513 2470 reseruandos

328 2512 463 2569 duximus
485 2520 513 2569 et
535 2521 632 2569 nostre
654 2531 767 2569 camere
790 2511 981 2588 deputandos,
1003 2512 1088 2571 certis
1110 2512 1313 2571 collectoribus
1334 2499 1422 2594 super
1452 2511 1512 2570 col·

327 2612 456 2671 leccione
477 2611 621 2670 fructuum
642 2613 806 2671 reddituum
830 2624 858 2671 et
879 2608 1073 2689 prouentuum
1095 2613 1258 2672 huiusmodi
1281 2623 1310 2671 et
1331 2612 1511 2671 residuorum

327 2714 454 2790 ipsorum
477 2715 528 2790 per
549 2714 678 2772 diuersas
706 2725 818 2773 nostras
846 2715 957 2773 litteras
990 2713 1112 2772 diuersis
1145 2715 1323 2792 temporibus
1358 2714 1510 2791 deputatis,

328 2816 367 2873 Et
388 2817 455 2874 licet
476 2816 645 2874 collectores
667 2817 703 2874 ad
726 2827 822 2893 partes
845 2818 986 2875 dictorum
1008 2818 1175 2892 Regnorum
1194 2837 1224 2875 se
1242 2818 1431 2895 personaliter
1443 2836 1510 2875 con·

327 2915 449 2976 ferentes
471 2915 549 2976 circa
571 2918 779 2976 cclleccionem'
795 2918 959 2976 huiusmodi
987 2917 1170 2993 diligenciam
1192 2917 1374 2976 adhibuerint
1402 2919 1510 2978 studio-

318 3030 397 3089 sam,
420 3019 514 3076 adbuc
536 3028 631 3077 tumen
655 3023 729 3078 sicut
751 3021 916 3096 accepimus
938 3018 1077 3077 nonnulla
1098 3018 1204 3079 ibidem
1226 3007 1377 3078 remanent
1395 3019 1510 3079 residua

327 3118 469 3178 de'dictis
490 3120 641 3192 lru'ctibus,
664 3121 822 3179 redditibus
845 3131 873 3178 et
895 3120 1084 3197 prouentibus
1114 3119 1283 3196 colligenda.
1317 3119 1381 3179 Nos
1412 3121 1510 3198 itaque
1558 3142 1560 3145 ·

327 3221 457 3279 volentes
478 3240 565 3301 super
587 3226 641 3280 hoc
664 3222 819 3298 prouidere
835 3221 1015 3280 Discrecioui
1036 3233 1086 3279 tue
1107 3222 1143 3278 de
1165 3240 1223 3296 qua
1244 3221 1380 3280 fiduciam
1401 3223 1431 3280 in
1454 3223 1511 3279 dno

327 3322 452 3397 gerimus
471 3323 634 3401 specialem,
656 3342 708 3397 per
730 3323 890 3399 apostolica
912 3322 1019 3398 scripta
1042 3322 1247 3381 committimus
1275 3333 1303 3380 et
1331 3323 1512 3395 mandamus,

328 3435 470 3498 quatenus
491 3444 543 3499 per
564 3435 592 3481 te
615 3424 663 3480 uel
684 3423 772 3482 alium
795 3444 846 3483 seu
868 3425 940 3483 alios
959 3423 1121 3481 huiusmodi
1154 3424 1270 3481 residua
1292 3444 1343 3499 per
1366 3443 1512 3499 quoscun-

328 3544 384 3599 que
407 3526 574 3596 debeantur,
596 3544 683 3601 super
703 3526 807 3600 quibus
834 3526 998 3596 summarie,
1020 3525 1191 3598 simpliciter
1224 3539 1254 3581 et
1286 3526 1322 3582 de
1355 3523 1443 3601 plano
1478 3545 1512 3583 ac

327 3626 395 3683 une
409 3627 528 3701 strepitu
553 3604 581 3683 et
601 3628 695 3702 figura'
710 3626 810 3701 judicij
832 3638 860 3685 te
882 3626 1026 3699 informes,
1047 3635 1145 3684 nostro
1173 3638 1202 3684 et
1234 3626 1363 3687 eiusdem
1397 3646 1513 3685 camere

275 3727 281 3737 '
328 3729 425 3785 nostre
447 3727 571 3798 nomine,
594 3729 847 3804 petere,'exigere,
870 3738 899 3785 et
920 3729 1049 3803 recipere
1070 3745 1135 3784 cum
1168 3729 1331 3804 integritate
1364 3747 1514 3805 procures,

329 3828 555 3886 contradictores
575 3827 720 3904 quoslibet
740 3849 828 3904 super
849 3829 902 3905 hijs
925 3818 1096 3888 et'rebelles
1119 3828 1317 3907 cuiuscunque
1339 3839 1432 3888 status
1464 3832 1514 3888 uel

328 3930 504 3988 condicionis
526 3928 631 3987 fuerint
653 3930 737 3987 etiam
759 3931 782 3988 si
805 3931 961 4006 pontificali
982 3931 1030 3988 uel
1050 3930 1153 4007 queuis
1176 3931 1234 3988 alia
1255 3930 1435 4010 premiueant
1449 3926 1513 4008 dig·

328 4031 426 4103 nitate,
448 4032 619 4089 auctoritate
641 4014 970 4108 nostre'appellacione
998 4042 1063 4108 post
1094 4033 1189 4107 posita
1222 4033 1443 4106 compescendo,
1465 4032 1513 4107 jn·

328 4143 434 4190 uocato
457 4134 494 4189 ad
516 4135 570 4190 hoc
592 4134 615 4191 si
638 4152 711 4208 opus
732 4131 817 4190 luerit
837 4135 947 4191 auxilio
979 4134 1086 4208 brachij
1116 4133 1264 4205 secularis,
1292 4137 1349 4189 non
1379 4135 1514 4192 obstante

328 4233 350 4291 si
375 4235 414 4290 eis
437 4232 483 4290 uel
506 4232 774 4314 eorumflaliquibus
797 4235 986 4293 communiter
1007 4236 1055 4292 uel
1077 4235 1191 4295 diuisim
1213 4254 1232 4292 a
1252 4233 1364 4310 prelata
1386 4235 1423 4294 sit
1445 4235 1514 4293 sede

326 4334 476 4425 ,ipdultum
494 4335 572 4423 quod
592 4318 723 4393 interdici
745 4337 881 4413 suspendi
904 4337 952 4394 uel
973 4336 1215 4397 excommunicari
1239 4355 1295 4392 non
1329 4335 1441 4410 possint
1461 4355 1515 4411 per

329 4436 439 4494 litteras
460 4432 634 4511 apostolicas
656 4456 713 4494 non
734 4436 872 4496 iacientes
894 4440 1009 4514 plenam
1032 4449 1061 4496 et
1088 4457 1254 4514 expressam
1287 4456 1322 4495 ac
1354 4438 1389 4494 de
1423 4439 1514 4496 uerbo

330 4538 367 4593 ad
388 4539 509 4595 uerbum
532 4537 567 4594 de
588 4538 699 4595 indulto
722 4539 883 4596 huiusmodi
908 4541 1095 4598 mencionem.
1127 4539 1272 4597 Volumus
1304 4546 1402 4597 autem
1435 4540 1514 4614 quod

330 4656 379 4694 eos
401 4658 418 4693 a
440 4638 545 4713 quibus
565 4639 686 4697 residua,
702 4639 845 4714 receperis
867 4642 1035 4716 supradicta
1057 4642 1208 4699 absoluere
1229 4640 1329 4698 uuleas
1349 4639 1515 4714 etquittare

330 4739 365 4794 de
387 4739 440 4813 hijs
463 4757 519 4814 que
541 4740 607 4797 inde
628 4742 665 4798 ab
688 4740 728 4797 eis
749 4741 877 4816 recipere
898 4752 928 4800 te
949 4743 1104 4818 continget,
1125 4762 1179 4800 nec
1212 4761 1269 4799 non
1292 4749 1321 4798 et
1347 4742 1387 4798 eis
1409 4760 1428 4796 a
1449 4742 1512 4817 qui·

329 4840 429 4897 busnis
452 4841 647 4918 spiritualibus
670 4841 821 4916 sentencijs
843 4861 916 4918 quas
939 4861 991 4917 pro
1014 4863 1048 4900 eo
1076 4843 1272 4912 incurrissent,
1304 4842 1382 4917 quod
1415 4843 1511 4901 huius·
