3584 5625
811 509 867 566 121

240 694 384 772 Osloyem
407 705 435 753 et
463 695 536 752 solui
567 712 621 770 pro
654 694 740 750 naulo
768 712 859 768 nsque
880 694 991 769 Bergae
1017 721 1049 730 -·
1076 692 1427 767 .iiijrs01.*grose.eum

251 796 309 871 viij,
334 797 398 854 den.
420 815 511 872 gross.
534 794 755 853 Turonensium.
1378 798 1381 804 '

327 898 400 955 Item
419 898 487 973 quia
510 915 565 953 non
589 893 669 971 potui
692 896 829 970 expedire
851 896 928 954 uiam
947 915 1040 953 meam
1052 904 1139 952 uento
1151 896 1427 964 contrariantemisi

243 1000 355 1074 Bergae
377 999 513 1057 nuncium
548 1016 599 1072 por
621 1006 725 1053 terram
749 1017 813 1055 cum
836 997 938 1056 litteris
961 997 1030 1053 meis
1053 1015 1105 1071 per
1124 1015 1196 1071 ques
1219 996 1348 1054 commisi
1370 996 1428 1054 dirn

243 1100 391 1177 Episcopo
414 1098 552 1174 Bergensi
575 1097 654 1155 vices
677 1117 755 1156 meas
777 1099 801 1157 si
823 1117 879 1156 non
903 1098 1081 1172 contingeret
1102 1116 1147 1154 me
1178 1098 1277 1155 uenire
1305 1100 1343 1155 ad
1371 1109 1427 1156 ter·

243 1202 353 1259 minum
377 1202 566 1276 assignatum,
579 1209 607 1255 et
628 1198 702 1256 solui
725 1200 802 1257 dicto
824 1198 931 1256 famulo
954 1217 1006 1273 pro
1029 1198 1161 1274 expensis
1183 1198 1242 1256 suis
1264 1198 1291 1255 in
1314 1198 1364 1255 illa
1381 1199 1428 1255 uia

246 1334 280 1341 -ω
307 1302 383 1377 .xxij.
405 1321 496 1379 gross.
519 1301 711 1358 Turonenses.

327 1403 400 1461 Item
423 1403 489 1462 dedi
509 1402 603 1460 Priori
621 1401 839 1459 Predicatorum
862 1418 948 1475 quom
971 1400 1034 1459 misi
1056 1419 1109 1475 pro
1129 1399 1335 1458 informacione
1355 1401 1427 1460 reci·

241 1504 351 1579 pienda
373 1514 475 1562 contra
498 1503 676 1578 Episcopum
700 1501 869 1561 Osloensem
899 1531 937 1539 -
963 1502 999 1576 ij.
1023 1502 1074 1561 sol.
1096 1521 1185 1576 gross.
1207 1501 1428 1560 Turonensium.

327 1605 399 1663 Item
422 1605 487 1663 dedi
511 1603 574 1678 alijs
596 1603 709 1662 duobus
729 1602 863 1660 iratribus
886 1621 959 1677 quos
981 1604 1043 1661 misi
1066 1620 1123 1680 pro,
1141 1602 1427 1677 eodemnegocio-

242 1704 280 1778 ,ij.
304 1702 356 1763 sol.
377 1723 469 1781 gross.
491 1704 712 1764 Turonensium.

325 1803 399 1862 Item
420 1806 485 1865 dedi
509 1807 622 1864 duobus
644 1805 759 1863 famulis
781 1823 854 1880 quos
876 1804 937 1861 misi
961 1824 1026 1862 oum
1048 1804 1150 1861 litteris
1161 1803 1299 1878 citatorijs
1320 1832 1345 1840 -
1362 1804 1428 1879 .viij.
1469 1843 1471 1849 ι

240 1924 332 1981 gross.
356 1906 552 1966 Turoneuses.

328 2007 401 2065 Item
424 2008 499 2067 solui
521 2028 574 2084 pro
597 2008 709 2067 duabus
732 2006 845 2065 tonellis
867 2008 922 2065 siui
945 2008 1054 2084 lagenis
1065 2009 1102 2066 ad
1116 2007 1279 2083 ponendum
1291 2006 1428 2082 pecunias

243 2117 276 2165 ut
298 2108 370 2167 alias
391 2099 438 2168 res
461 2110 509 2167 dui
532 2110 621 2168 nostri
644 2129 718 2185 pape
741 2128 814 2184 quas
830 2108 971 2167 ducebam
984 2129 1095 2167 mecum
1108 2110 1136 2167 in
1148 2110 1197 2166 via
1207 2128 1308 2166 uersus
1318 2109 1429 2185 Bergas

241 2237 278 2247 -
304 2208 375 2284 riijr
389 2229 479 2286 gross.
502 2212 695 2269 Turonenses.

324 2312 399 2370 Item
422 2310 520 2387 .xxiijl.u
541 2313 587 2370 die
608 2311 679 2386 Julij
704 2331 769 2371 cum
793 2321 911 2388 propter
940 2312 1081 2370 delectum
1114 2313 1193 2369 uenti
1225 2332 1281 2370 non
1315 2332 1427 2388 possem

240 2412 340 2470 uenire
363 2413 475 2491 Bergae
509 2413 628 2471 termine
662 2414 808 2487 assignato
843 2414 969 2471 conduxi
1001 2434 1087 2473 vnern
1121 2413 1264 2472 Batellam
1297 2434 1362 2473 cum
1384 2415 1427 2488 iij.

242 2515 405 2573 homiuibus
427 2526 455 2574 et
476 2516 585 2574 relictis
605 2516 691 2572 rebus
725 2535 790 2574 cum
823 2534 879 2572 vno
915 2515 1019 2573 clerico
1048 2525 1077 2573 et
1110 2516 1223 2574 duobus
1255 2516 1368 2575 famulis
1399 2520 1428 2577 in

241 2635 347 2694 magna
368 2618 436 2676 naui
462 2617 540 2676 exiui
563 2636 667 2674 nauem
689 2616 767 2673 illam
791 2626 907 2673 etcum
930 2617 980 2674 illa
1003 2617 1118 2675 Batella
1140 2620 1294 2695 assumptis
1316 2621 1429 2681 duobus

239 2720 352 2779 clericis
372 2729 401 2778 et
422 2719 458 2795 ij.
478 2719 591 2777 famulis
613 2719 683 2777 meis
705 2738 756 2793 per
778 2718 813 2792 .ij.
836 2727 936 2778 noctes
968 2731 997 2779 et
1033 2720 1068 2795 ij.
1100 2721 1162 2778 dies
1195 2720 1248 2779 ieci
1281 2743 1327 2782 me
1361 2727 1428 2788 duci

241 2841 293 2896 per
318 2821 353 2896 .ij.
375 2822 499 2880 miliaria
518 2821 695 2896 remigando,
713 2820 755 2878 sic
777 2822 855 2896 quod
878 2822 945 2879 ueni
967 2824 1004 2880 ad
1027 2822 1178 2880 terminum
1201 2825 1378 2901 assignatum
1400 2843 1428 2890 et

241 2922 314 2980 solui
344 2941 397 2998 pro
423 2922 501 2980 diota
529 2923 643 2980 Batella
676 2931 705 2980 et
735 2940 792 2978 vno
826 2923 947 2981 ductore
979 2942 1030 2982 seu
1062 2926 1254 3000 gubernatore
1281 2959 1313 2966 ·-
1340 2932 1427 3006 .xviij.

240 3043 331 3101 gross.
354 3024 547 3083 Turonenses.
570 3033 599 3082 et.
620 3042 673 3098 pro
696 3023 830 3098 expensis
853 3043 950 3081 eorum
974 3025 1029 3099 .xij.
1051 3046 1141 3102 gross.
1163 3026 1273 3084 Turon.

324 3122 398 3182 Item
420 3126 494 3184 solui
517 3125 579 3198 e'lijs
593 3126 706 3182 duobus
718 3123 830 3181 famulis
845 3121 1065 3200 [rnnr'qann'busP
1077 3156 1116 3164 -
1131 3127 1187 3203 .xij.
1200 3146 1291 3203 gross.
1303 3129 1430 3190 Τιινοιι2

324 3226 397 3284 Item
423 3226 469 3300 iij.
495 3227 540 3283 die
563 3227 690 3301 Augusti
713 3245 778 3283 oum
808 3227 888 3284 uenit
919 3227 1002 3284 nauis
1034 3230 1071 3285 ad
1104 3239 1219 3304 portum
1252 3231 1426 3306 Bergensem
1442 3240 1528 3280 ‘etQ-b·

241 3327 306 3383 dedi
328 3327 442 3386 famulis
463 3328 546 3386 nauis
568 3328 617 3402 qui
642 3328 836 3402 deposuerunt
858 3328 980 3386 tonellus
1008 3349 1073 3387 cum
1102 3332 1189 3389 rebus
1222 3341 1250 3388 et
1284 3333 1429 3393 duxerunt

241 3446 306 3486 curn
328 3446 386 3486 vna
407 3430 523 3487 Batella
545 3431 581 3486 ad
603 3431 719 3487 domum
744 3429 964 3487 Predicatorum
984 3458 1021 3467 -
1036 3432 1105 3506 ‚iiijr
1118 3450 1209 3507 gross.
1233 3433 1427 3495 Turonenses.

325 3530 399 3587 Item
422 3530 468 3587 die
492 3530 560 3604 iiij‘?
579 3531 706 3606 Augusti
741 3533 795 3587 emi
819 3531 863 3604 .vj.
887 3530 977 3606 pelles
1009 3534 1176 3609 pergameni
1209 3554 1261 3610 pro
1295 3565 1333 3572 -
1358 3536 1428 3612 ‚iitje

238 3650 330 3707 grass.
353 3632 580 3690 Turonensibus.

323 3733 397 3791 Item
419 3733 493 3792 solui
515 3753 568 3810 pro
581 3754 645 3792 sera
657 3735 694 3790 ad
705 3734 888 3810 sigillandum
901 3736 1011 3793 litteras
1029 3765 1057 3774 ·-
1077 3736 1120 3811 ,vj.
1132 3757 1222 3813 gross.
1234 3738 1428 3798 Turoneoses.
1486 3770 1490 3777 ,

323 3835 406 3892 Item.
430 3835 476 3892 die
506 3834 583 3911 .xvj¹.¹
609 3837 737 3911 Augusti
770 3837 832 3894 misi
865 3838 1011 3896 Iacobum
1045 3840 1180 3897 clericum
1213 3850 1242 3897 et
1275 3841 1447 3911 Notarium¹

241 3954 335 3992 meum
359 3947 387 3994 et
409 3936 560 3996 Oddonem
583 3937 720 3995 famulum
744 3957 808 3995 eum
843 3939 972 4014 pecunijs
1003 3951 1032 3998 et
1065 3942 1151 3999 rebus
1183 3943 1232 3999 dni
1263 3961 1338 4019 pepe
1371 3963 1428 4018 que

242 4056 407 4113 receperam
429 4040 459 4094 in
483 4039 587 4096 Suecia
610 4040 647 4096 od
670 4039 837 4097 Flandriam
861 4042 1043 4116 expectando
1065 4042 1169 4100 ibidem
1193 4063 1245 4119 pro
1272 4065 1427 4120 recupera·

240 4139 323 4196 cione
345 4139 508 4197 debitorum
532 4140 561 4195 ln
584 4141 687 4215 quibus
709 4143 882 4200 tenebantur
903 4143 992 4218 aliqui
1015 4144 1200 4203 Mercatores.

270 4311 272 4315 η
322 4239 397 4297 Item
420 4242 465 4298 die
489 4241 587 4315 .xxvj‘!
606 4243 733 4319 Augusti
756 4244 817 4302 misi
840 4263 994 4320 processus
1016 4264 1095 4303 meos
1116 4244 1207 4304 factos
1229 4256 1330 4305 contra
1343 4246 1426 4320 Epis-

240 4359 329 4414 copos
351 4342 521 4401 Osloensem
542 4354 570 4402 et
592 4345 800 4403 Hamarensem
815 4356 843 4403 et
855 4348 1099 4421 Stauangrensem
1122 4348 1313 4422 publicandos
1334 4350 1363 4406 in
1379 4368 1425 4406 ee·

241 4442 330 4503 alesia
351 4443 580 4520 Metropolitana
602 4447 783 4505 Nidrosiensi
806 4457 834 4504 et
856 4449 922 4505 dedi
954 4450 1060 4508 nuncio
1087 4449 1136 4525 qui
1160 4451 1252 4509 dictos
1275 4469 1426 4526 processus

241 4545 366 4619 portauit
388 4573 428 4582 -
452 4565 489 4603 .v.
510 4566 598 4605 maro.
620 4557 733 4606 monete
755 4548 911 4606 Noricane.

275 4701 284 4732 ¹
302 4706 513 4772 „remigantibus“
533 4727 560 4761 er
578 4713 585 4760 i
603 4712 703 4764 Texten
722 4721 886 4777 overstreget.

272 4821 333 4876 ²11.
351 4835 369 4877 t,
403 4823 466 4893 [op]
485 4829 590 4880 Summa
608 4833 682 4882 huius
700 4834 791 4895 pagine
819 4801 935 4879 xpeel.
955 4814 1036 4863 grass.
1051 4800 1249 4880 Iuroneusium.

819 4881 893 4931 .xurJ.
914 4870 970 4918 den.
989 4869 1173 4933 sterlingorum.
