3584 5625
863 465 902 522 te

371 652 445 709 Item
466 673 542 712 anno
564 672 623 730 quo
645 671 734 728 supra
755 651 801 709 die
823 649 902 725 ¹.xvij.
925 651 1028 710 mensis
1051 651 1161 729 Aprilis
1182 655 1280 731 recepi
1309 655 1345 712 ab
1376 654 1476 712 eodem

288 753 345 811 diro
364 753 499 812 «Iohanne
522 752 635 813 Somari
663 752 774 829 pridem
807 753 962 810 collectore
995 751 1070 811 dicte
1104 754 1218 814 decime
1250 754 1416 813 sexannalis
1447 739 1476 812 in
1563 742 1565 745 ¹

288 853 404 912 ciuitate
427 863 455 913 et
478 853 906 930 diocesiRoslrildensibusper
926 873 1028 912 manus
1051 855 1099 913 dni
1119 856 1257 933 Episcopi
1269 850 1477 927 Roskildcnsis‚
1515 898 1517 902 -

287 956 323 1012 de
344 954 484 1016 fructibus
506 954 627 1014 ecclesie
649 954 717 1014 dicti
738 955 787 1013 dni
808 954 951 1014 debannis
973 955 1088 1014 racione
1110 957 1185 1016 dicte
1207 958 1318 1016 decime
1353 957 1475 1016 collecte

286 1076 339 1133 per
361 1076 436 1129 eum,
458 1058 487 1116 in
510 1057 593 1116 dictis
615 1056 732 1116 ciuitate
755 1069 783 1115 et
805 1056 911 1115 diocesi
926 1056 1165 1118 Roskildeusibus
1187 1087 1228 1096 -
1252 1057 1288 1132 ij.
1301 1078 1352 1116 mr.
1366 1058 1477 1134 argenti

286 1158 421 1236 ponderis
442 1155 630 1217 coloniensis.

370 1259 445 1318 Item
467 1278 543 1317 anno
566 1278 624 1335 quo
646 1278 734 1335 supra
757 1256 803 1317 die
826 1257 903 1333 avij.
932 1257 1037 1316 mensis
1070 1259 1189 1337 Aprilis.
1222 1260 1333 1336 Recepi
1366 1278 1384 1318 a
1417 1259 1475 1318 diro

286 1362 375 1421 Petro
396 1361 497 1420 Herba
519 1359 732 1437 archidyacono
753 1358 937 1419 Roskildensi
959 1360 1070 1435 pridem
1091 1361 1247 1420 collectore
1275 1361 1387 1421 decime
1409 1380 1475 1418 sex·

288 1462 400 1521 annalis
421 1480 474 1539 pro
497 1461 532 1536 ij.
554 1461 635 1520 annis
657 1461 763 1537 quibus
786 1460 904 1536 collegit
926 1461 1032 1519 dictam
1062 1463 1203 1522 decimam
1233 1463 1367 1522 omnibus
1398 1480 1476 1520 sum-

288 1563 341 1622 mis
363 1582 436 1639 quas
457 1580 624 1638 receperam
646 1564 683 1621 ab
706 1563 807 1621 eodem
830 1562 970 1638 usquein
999 1572 1161 1638 presentem
1196 1564 1271 1622 diem
1305 1562 1477 1639 computatis

287 1665 316 1724 in
338 1664 463 1743 presenti
485 1681 597 1723 summa
622 1689 657 1701 -
683 1662 739 1739 dxj.
763 1682 815 1722 mr.
838 1663 950 1740 argenti
971 1665 1106 1740 ponderis
1129 1664 1320 1724 coloniensis.

370 1766 444 1825 Item
467 1785 543 1824 mxv.
567 1784 619 1823 mr.
642 1764 754 1841 argenti
776 1765 912 1840 ponderis
933 1765 1131 1827 Roskildensis
1161 1765 1289 1824 valentes
1325 1794 1360 1804 -
1398 1764 1475 1840 xxij.

288 1886 340 1926 mr.
365 1867 476 1946 argenti
499 1886 565 1926 cum
586 1865 705 1925 dimidia
725 1865 861 1942 ponderis
883 1865 1072 1926 Coloniensis.

371 1968 444 2028 Item
464 1968 561 2045 recepi
588 1997 621 2007 —
646 1986 702 2024 .xx.
725 1985 840 2044 grossos
862 1968 1057 2028 Turonenses.

609 2068 732 2144 Recepit
748 2067 973 2143 justrumentum
995 2069 1153 2130 dohannes.

369 2277 442 2335 Item
464 2293 540 2333 auno
562 2282 591 2331 et
612 2272 658 2331 die
680 2273 784 2349 quibus
808 2268 916 2348 [supra]
933 2272 1042 2349 Recepi
1059 2275 1096 2331 ab
1108 2271 1262 2332 heredibus
1275 2273 1324 2330 dni
1336 2272 1476 2333 Skelmeri

286 2378 431 2455 quondam
452 2374 597 2452 Prepesiti
618 2373 738 2433 ecclesie
759 2374 958 2433 Roskildensis
976 2373 1137 2434 collectoris
1154 2375 1229 2434 dicte
1247 2375 1358 2434 decime
1369 2394 1405 2433 ex
1417 2394 1475 2432 vna

286 2487 431 2557 parte-
454 2497 533 2538 m.
555 2495 607 2535 mr.
629 2476 740 2552 argenti
763 2475 900 2552 ponderis
922 2474 1110 2534 coloniensis.

370 2580 443 2640 Item
465 2599 502 2639 ex
523 2578 581 2639 elia
603 2587 685 2655 parte
707 2607 748 2616 -
771 2576 857 2652 ¹xuvj.
879 2596 931 2636 mr.
956 2596 1021 2637 cum
1049 2577 1167 2637 dimidia
1199 2577 1310 2652 argenti
1344 2575 1473 2636 eiusdem

285 2682 428 2759 ponderis.

368 2782 588 2860 Omnibusque
611 2779 691 2861 prius
717 2797 884 2858 receperam
915 2780 952 2840 ab
984 2780 1085 2840 eodem
1118 2778 1292 2858 computatis
1324 2779 1354 2839 in
1389 2778 1472 2843 dictis

286 2886 405 2946 summis
426 2905 518 2963 usque
539 2885 568 2945 in
590 2894 751 2962 presentem
775 2881 858 2941 diem.

591 2986 714 3063 Recepit
729 2985 955 3062 jnstrumentum
979 2984 1017 3044 G.
1040 2984 1170 3044 Blanchi.

367 3190 524 3252 Sciendum
546 3191 625 3267 quod
645 3190 762 3250 marcha
784 3188 895 3265 argenti
918 3188 1053 3265 ponderis
1072 3188 1270 3248 Roskildcnsis
1287 3197 1473 3264 computatur

283 3312 335 3370 pro
358 3292 428 3369 .iiij⁰.r
441 3292 540 3368 solidis
562 3301 591 3350 et
613 3291 731 3350 dimidio
753 3309 919 3367 grossorum
933 3289 1147 3349 Turonensium
1171 3299 1199 3348 et
1220 3291 1337 3349 marcha
1360 3289 1472 3365 argenti

283 3393 417 3470 ponderis
429 3392 610 3453 Coloniensis
623 3402 808 3468 computatur
820 3412 871 3469 pro
885 3411 922 3450 .v.
935 3392 1034 3450 solidis
1055 3410 1219 3467 grossorum
1242 3391 1271 3450 in
1294 3401 1469 3468 pagamento

283 3496 332 3554 sed
352 3514 406 3571 pro
428 3504 509 3553 tanto
530 3494 644 3553 minime
668 3493 753 3551 uendi
775 3501 877 3569 potest.

283 3710 347 3816 [app
380 3739 500 3800 summa
522 3738 606 3799 huius
629 3741 735 3816 pagine
762 3718 794 3756 .c.
816 3696 855 3772 lij.
878 3715 930 3754 mr.
953 3696 1065 3772 argenti
1086 3695 1223 3772 ponderis
1245 3694 1436 3754 Coloniensis.

763 3802 821 3840 .xx.
843 3781 909 3840 den.
930 3799 1020 3858 gross.
1043 3780 1153 3838 Turon.

394 3957 397 3977 ι

363 4003 437 4062 Item
459 4022 535 4061 anno
558 4004 606 4062 dui
628 4013 678 4061 .m⁰.
700 4010 764 4062 ccc⁰¹
785 4002 880 4078 xxxij‘!
903 4002 949 4059 die
971 4001 1048 4077 .xvij.
1071 4002 1176 4061 mensis
1203 4001 1323 4078 Aprilis.
1355 4002 1464 4080 Recepi
1472 4016 1504 4056 tor.
1513 4019 1543 4057 aa.
1552 4029 1567 4056 ι.

281 4105 316 4179 de
338 4106 411 4165 cista
432 4125 485 4182 per
507 4104 574 4162 ditm
596 4104 759 4162 Iohannem
783 4104 895 4164 Samari
920 4103 1089 4162 canonicum
1108 4102 1469 4162 Roskildenseminsacri-

280 4205 335 4263 etia
354 4205 476 4264 ecclesie
497 4205 695 4265 Roshildeusis
718 4207 852 4283 reposita.
874 4207 967 4282 primo
988 4226 1023 4265 .v.
1046 4204 1145 4281 ciphos
1168 4204 1279 4280 argenti
1301 4205 1362 4263 sine
1384 4205 1468 4281 pede,

281 4307 446 4383 et.jcu1n
469 4309 554 4383 pede,
576 4308 695 4367 calicem
719 4327 785 4367 cum
807 4318 915 4384 patena
937 4317 965 4366 et
992 4327 1079 4381 vnum
1111 4307 1244 4365 Balteum
1279 4325 1345 4365 cum
1378 4305 1469 4364 clauis

281 4408 423 4484 argenteis
444 4438 485 4446 -
508 4429 561 4485 pro
585 4429 622 4466 .x.
647 4429 698 4467 mr.
723 4409 833 4487 argenti
858 4409 992 4485 ponderis
1016 4409 1205 4469 coloniensis.

363 4511 443 4568 Item.
466 4510 582 4587 ciphum
604 4511 716 4586 argenti
738 4512 873 4588 ponderis
895 4540 936 4548 —
956 4511 1004 4567 ix.
1028 4530 1069 4568 or.
1092 4521 1120 4567 et
1144 4510 1180 4586 .ij
1201 4511 1254 4569 sol.
1279 4510 1399 4586 argenti.

362 4611 437 4669 Item
460 4611 496 4686 ij.
517 4612 623 4670 fibulas
646 4630 711 4669 cum
734 4613 878 4689 lapidibus
901 4612 1000 4670 vitreis
1023 4621 1052 4669 et
1073 4611 1184 4669 nodolis
1207 4631 1272 4669 cum
1295 4613 1468 4688 quibusdam

363 4813 435 4871 Item
460 4814 495 4889 ij.
519 4814 619 4891 ciphos
641 4814 751 4890 argenti
774 4815 911 4889 ponderis
935 4844 970 4893 7-
996 4814 1076 4890 aiiij.
1097 4834 1138 4872 or.
1161 4824 1189 4873 et
1212 4814 1250 4890 .ij.
1274 4815 1324 4873 sol.
1348 4815 1468 4891 argenti.
