3584 5625
855 512 914 569 174
1271 461 1365 644 ἢ.

639 747 687 805 59.
734 748 823 805 1326.
870 752 933 807 lete
954 749 1134 825 September.

361 862 493 914 lohannes
510 865 645 929 episcopus
661 845 682 910 s.
701 877 720 910 s.
740 862 764 911 d,
782 863 968 913 venerabilibus
985 864 1114 927 iratribus,
1124 867 1322 931 archiepiscopis
1340 874 1367 915 et
1384 866 1485 930 episco-

293 949 387 1012 scopis,
405 955 431 998 et
448 948 550 998 dilectis
564 947 633 1011 fllijs,
650 946 746 1008 electis,
764 947 908 1006 abbatibus,
924 949 1058 1012 prioribus,
1073 951 1217 1014 prepositis,
1226 951 1338 1014 decanis,
1357 951 1485 1000 archidia-

293 1033 373 1092 conis,
391 1033 615 1099 archipresbiteris,
632 1032 755 1097 plebanis,
774 1040 800 1081 et
821 1032 877 1082 aliis
895 1033 1060 1084 ecclesiarum
1077 1036 1182 1098 prelatis
1199 1051 1230 1085 ae
1247 1036 1397 1095 rectoribus,
1416 1037 1485 1100 capi-

293 1119 353 1168 tulis
372 1134 480 1182 qnoque,
492 1117 608 1180 collegiis
620 1123 646 1166 et
658 1117 832 1176 conventibus,
842 1115 1028 1180 cisterciensis,
1038 1118 1221 1182 cluniacensia,
1229 1122 1484 1183 Premoustrateuais,

294 1202 540 1264 Grandimontensis,
558 1201 737 1263 cartusiensis,
755 1200 970 1264 camaldulensis,
987 1212 1134 1254 sanctorum
1151 1205 1284 1255 Benedicti
1297 1214 1324 1255 et
1332 1206 1484 1269 Augustini,

293 1296 319 1337 et
337 1288 447 1339 aliorum
471 1287 597 1349 ordinum,
621 1285 761 1349 ceterisque
787 1287 904 1350 personis
930 1288 1117 1352 ecclesiasticis,
1142 1298 1195 1340 tam
1221 1290 1380 1341 secularibus
1407 1305 1484 1354 quam

292 1373 460 1437 regularibus,
478 1373 603 1435 exemptis
621 1377 648 1420 et
664 1385 718 1421 non
734 1373 869 1435 exemptis,
886 1385 933 1420 nec
951 1387 1001 1422 non
1025 1374 1107 1424 sancti
1123 1373 1250 1425 «iohannis
1268 1375 1483 1434 ierosolimitana

290 1458 365 1507 beate
381 1457 462 1507 Maris
480 1456 710 1514 'l'heotonicorum‚
728 1454 922 1506 Caletranensie
940 1464 965 1506 et
982 1456 1191 1521 Humiliatorum,
1206 1460 1344 1524 magistris,
1355 1460 1482 1525 prioribus

291 1550 317 1592 et
335 1542 534 1607 preceptoribus,
543 1554 681 1604 eorumque
698 1540 758 1590 loca
774 1542 926 1601 tenentibus,
945 1556 991 1605 ρετ
1007 1556 1088 1606 regna
1104 1542 1347 1609 Norwegie,Snecie
1362 1553 1389 1595 et
1404 1544 1482 1595 Gocie

293 1626 448 1687 constitutis,
465 1628 574 1676 salutem
591 1632 618 1675 et
634 1624 802 1690 apostolicam
819 1625 1031 1676 benedictionem.
1065 1630 1136 1680 Dum
1156 1632 1298 1694 cogitamus
1315 1630 1482 1681 necessitates

292 1713 445 1770 innumeras,
464 1711 555 1776 quibus
573 1710 691 1762 Romana
707 1717 789 1760 mater
807 1711 923 1771 ecclesia,
941 1711 1074 1761 rebellium
1092 1728 1196 1765 suornm
1214 1721 1241 1765 et
1257 1709 1372 1765 hostium
1385 1714 1482 1765 iniuriis

292 1796 398 1847 nimium
414 1797 543 1857 lacessita,
566 1794 688 1846 continue
713 1796 837 1860 premitur
862 1811 940 1861 supra
964 1796 1039 1857 vires,
1065 1813 1099 1847 ex
1125 1798 1211 1849 debito
1239 1798 1378 1863 pastoralis
1406 1798 1481 1850 officii

291 1883 408 1946 cogimur
424 1881 478 1931 vias
496 1888 522 1931 et
538 1870 629 1932 modos
646 1881 734 1944 utique
750 1880 835 1931 licitos
846 1895 959 1945 querere,
971 1882 1062 1946 quibus
1079 1882 1128 1947 ipsi
1145 1882 1227 1946 possit
1243 1883 1392 1947 aliqualiter
1408 1898 1482 1949 super

229 2021 232 2027 ,
292 1967 438 2017 huiusmodi
456 1966 649 2017 necessitatibus
666 1965 780 2016 relevari.
814 1966 968 2031 Eapropter,
985 1967 1171 2017 deliberacione
1187 1968 1322 2031 prehabito
1339 1981 1419 2031 super
1433 1966 1481 2031 hijs

293 2052 416 2116 diligenti,
433 2051 539 2115 fructus,
558 2051 671 2102 redditus
689 2059 715 2101 et
730 2058 870 2116 prouentus
889 2050 964 2114 primi
976 2054 1036 2102 anni
1054 2050 1168 2101 omnium
1186 2059 1212 2101 et
1228 2052 1389 2117 singulorum
1407 2054 1480 2103 hene-

292 2137 409 2188 ficiorum
427 2136 667 2198 ecclesiasticorum,
685 2151 743 2186 cum
760 2151 822 2187 cura
837 2136 880 2186 nel
892 2136 946 2186 sine
958 2152 1020 2187 cura
1032 2138 1114 2187 eciam
1125 2137 1286 2200 dignitatum,
1298 2129 1480 2202 personatuum

293 2230 320 2273 et
336 2220 479 2272 officiorum
495 2222 668 2285 quorumlibet
684 2222 925 2284 ecelesiasticorum,
938 2223 1151 2273 monasteriorum
1166 2228 1192 2272 et
1204 2222 1314 2273 aliorum
1328 2222 1480 2273 ecclesiasti·

292 2321 381 2356 corum
397 2306 522 2367 locorum,
540 2312 593 2356 tam
615 2306 770 2358 secularium
792 2322 869 2371 quam
885 2307 1050 2371 regularium,
1068 2313 1247 2372 exemptorum
1264 2317 1290 2357 et
1305 2322 1361 2359 non
1377 2323 1479 2372 exemp·

293 2397 386 2453 torum,
402 2405 452 2455 qna
469 2390 496 2440 in
513 2390 660 2441 ciuitatibus
677 2398 704 2443 et
719 2391 881 2457 dyocesibus,
898 2406 945 2457 ρετ
965 2406 1045 2455 regna
1069 2390 1205 2455 Norwegie
1233 2391 1323 2443 Sueoie
1349 2399 1376 2442 et
1403 2390 1480 2444 Goeie

292 2477 498 2537 consistentibus,
514 2483 609 2527 vacam
625 2477 659 2526 ad
675 2492 786 2541 presens,
804 2485 829 2527 et
845 2492 895 2542 que
911 2492 992 2541 usque
1009 2478 1042 2526 ad
1060 2476 1189 2527 biennium
1217 2477 1367 2528 continuum
1395 2492 1413 2528 a
1441 2477 1479 2526 die

293 2563 411 2613 datarum
427 2560 582 2628 presentium
599 2560 627 2611 in
645 2568 722 2612 antea
738 2563 947 2627 computandum,
955 2562 1173 2627 qualitercumque
1189 2568 1216 2613 et
1231 2563 1394 2628 ubicumque,
1404 2562 1482 2617 etiam

292 2648 314 2697 si
331 2649 400 2713 apud
416 2648 503 2699 sedam
520 2646 689 2712 apostolicam
705 2661 797 2697 vacare
814 2646 960 2711 contigerit,
977 2646 1092 2697 ecclesiis
1109 2654 1204 2708 nmen,
1215 2646 1387 2709 monasteriis,
1399 2646 1479 2711 digni·

293 2732 388 2784 tatibus
405 2747 437 2783 ac
451 2732 581 2783 beneficiis
598 2731 746 2797 subscriptis
759 2734 901 2797 expressim
912 2732 1219 2797 exeeptis,percipiendos
1236 2732 1263 2782 in
1279 2729 1480 2801 modum-infra-

293 2819 425 2884 scriptum,
442 2834 489 2886 pro
511 2818 586 2869 dictis
610 2816 806 2869 necessitatibus
834 2817 922 2867 utilius
947 2817 1098 2880 relevandis,
1127 2824 1154 2873 et
1178 2818 1340 2869 inmaceleeie
1368 2820 1481 2884 predicte

292 2905 451 2967 agendorum
467 2904 610 2954 subsidium
626 2888 820 2964 contestandos,
837 2904 993 2953 auctoritate
1010 2903 1155 2968 apostolica
1171 2917 1340 2965 reseruemus,
1356 2918 1388 2954 ae
1405 2904 1482 2953 etiam

293 2989 454 3052 deputamus,
471 2988 600 3054 ipsosque,
616 3002 662 3052 per
679 2987 843 3038 collectorem
860 3002 906 3037 sen
922 2987 1131 3049 subcolleetores,
1149 3003 1213 3052 quos
1231 2990 1265 3039 ad
1287 2989 1337 3038 hoo
1357 3003 1404 3052 ρετ
1420 2989 1482 3040 alias
1562 2981 1563 2985 ¹

293 3080 395 3124 nostras
422 3072 483 3123 certi
507 3073 601 3124 tenoris
628 3072 727 3123 litteras
753 3072 941 3134 constituimus,
969 3073 1012 3135 qui
1041 3075 1074 3123 ad
1103 3074 1250 3124 huiusmodi
1275 3073 1482 3126 auboollectionis

292 3159 459 3209 ministerium
476 3174 522 3225 per
539 3173 583 3209 eos
601 3156 696 3208 luerint
713 3156 828 3221 deputati
844 3158 872 3206 in
888 3155 996 3219 singulis
1014 3157 1103 3208 vestris
1122 3152 1269 3208 ciuitatibus
1287 3164 1314 3208 et
1323 3160 1482 3224 dyocesibus,
1509 3156 1511 3158 ’

280 3243 384 3294 'fratres
403 3244 587 3309 archiepiscopi
605 3250 631 3293 et
648 3240 770 3306 episcopi,
788 3241 875 3303 colligi
892 3240 1018 3301 volumus,
1036 3251 1063 3300 et
1079 3259 1125 3308 per
1142 3245 1245 3294 eosdem
1262 3243 1425 3306 collectores,
1441 3245 1483 3295 ubi

294 3330 478 3391 mandabimus,
496 3327 704 3392 assignaritnou
722 3327 880 3377 obstantibus
891 3327 1091 3392 quibuscumque
1104 3330 1206 3379 statutis
1219 3335 1245 3379 et
1256 3330 1483 3379 consuetudinibus

295 3412 620 3474 contrariis'eoclesiarum,
629 3413 840 3486 monasteriorum
858 3421 884 3464 et
901 3414 1026 3475 locorum,
1038 3415 1064 3462 in
1080 3414 1171 3477 quibus
1189 3414 1335 3464 huiusmodi
1353 3414 1484 3476 beneficia,

296 3500 433 3563 dignitates
451 3506 603 3563 personatus
621 3505 647 3548 et
664 3496 749 3548 officia
765 3497 868 3558 suerint,
886 3500 1039 3560 iuramento,
1056 3498 1251 3549 confirmatione
1268 3499 1336 3554 dicte
1353 3499 1486 3561 sedis,sen

229 3630 231 3635 ,
296 3598 455 3653 quacumque
472 3583 592 3632 firmitate
610 3582 662 3632 alia
679 3582 815 3644 roboratis,
832 3591 878 3633 aut
894 3585 917 3634 ai
932 3581 1039 3643 fructus,
1057 3583 1170 3634 redditus
1188 3592 1215 3634 et
1230 3589 1371 3648 prouentus
1397 3583 1486 3647 buius·

295 3670 367 3719 modi
382 3668 457 3733 primi
473 3667 542 3729 anni,
561 3681 594 3717 ex
610 3667 746 3731 priuilegio
764 3668 832 3718 dicte
854 3669 930 3729 sedis,
954 3668 996 3718 vel
1021 3668 1084 3718 alias
1111 3669 1143 3718 de
1170 3669 1233 3730 iure,
1254 3683 1300 3718 seu
1326 3683 1486 3734 quacumque

296 3754 480 3805 cousuetudine
497 3753 538 3802 vel
556 3758 663 3812 statuto,
681 3752 758 3802 alicui
775 3753 816 3803 rel
833 3752 960 3816 aliquibus
978 3754 1126 3812 debeantur,
1144 3753 1199 3802 siue
1224 3754 1258 3803 ad
1283 3752 1408 3804 fabricam
1424 3769 1487 3818 qua·

296 3852 460 3901 rumcumqne
477 3838 650 3899 ecclesiarum,
668 3838 881 3889 monasteriorum
899 3852 945 3888 sen
962 3838 1088 3898 locorum,
1104 3853 1151 3903 per
1171 3852 1345 3903 quoscumque
1370 3840 1489 3890 concessi

295 3923 390 3974 inerint
408 3924 447 3975 nel
465 3925 542 3974 etiam
561 3924 684 3988 deputati,
702 3937 746 3972 seu
763 3923 865 3973 inten'm
883 3923 1019 3986 contigerit
1035 3924 1160 3988 deputari,
1179 3933 1224 3974 aut
1246 3926 1268 3974 si
1294 3925 1346 3974 sint
1370 3924 1399 3973 in
1425 3940 1488 3976 usus

297 3991 362 4060 alios
380 4011 552 4060 conuertendi.
595 4007 835 4068 Volumus-‚eausam
852 4009 922 4072 quod
939 4010 961 4057 si
978 4007 1045 4071 idem
1063 4009 1214 4060 beneficium
1231 4010 1270 4059 bis
1288 4009 1330 4059 uel
1347 4009 1445 4073 pluries
1462 4010 1491 4060 in

296 4109 365 4144 auno
382 4109 473 4145 vacare
490 4096 630 4158 contingat,
652 4107 705 4143 non
727 4094 775 4144 nisi
801 4093 880 4143 semel
906 4092 1012 4154 fructus,
1037 4095 1152 4144 redditus
1178 4103 1204 4144 et
1229 4101 1370 4158 prouentus
1397 4095 1490 4160 ipsius,

296 4180 370 4229 iuxta
387 4181 553 4239 taxationem,
571 4181 668 4231 decime
685 4179 871 4242 persolvantur,
890 4185 917 4227 et
934 4193 950 4226 a
966 4179 1148 4230 collectoribus
1166 4180 1320 4244 recipientur
1337 4180 1443 4242 eisdem,
1461 4187 1492 4230 ut

297 4264 394 4315 scilicet
411 4281 543 4327 summam,
562 4281 608 4330 pro
626 4280 677 4329 qua
693 4279 773 4314 unum
790 4264 908 4327 qnodque
924 4263 1107 4313 beneficiorum
1124 4266 1238 4330 ipsorum
1258 4265 1284 4313 in
1303 4264 1402 4314 decimo
1420 4267 1491 4316 solu·

297 4350 375 4412 tione,
393 4358 505 4411 taxatur,
523 4352 584 4400 dicti
602 4351 752 4401 collectores
771 4350 877 4413 exigant
894 4355 971 4413 atque
989 4349 1127 4412 excipiant,
1145 4350 1221 4400 totali
1243 4350 1344 4399 residuo
1371 4351 1491 4415 optinen-

298 4434 365 4484 tibus
382 4436 528 4486 huiusmodi
545 4436 670 4486 beneficia
686 4449 842 4494 remansuro,
855 4433 904 4483 nisi
921 4432 987 4483 sorte
1005 4435 1067 4482 dicti
1085 4435 1235 4485 collectores
1253 4435 1384 4484 residuum
1402 4435 1491 4486 huius-

297 4519 367 4569 modi
384 4535 431 4584 pro
449 4520 521 4570 nobis
539 4528 565 4570 et
582 4536 683 4571 camera
700 4529 789 4571 nostra
805 4519 937 4584 percipere
953 4527 980 4568 et
996 4519 1091 4568 habere
1107 4521 1250 4580 maluerint,
1268 4526 1295 4568 et
1312 4519 1492 4583 optinentibus

297 4605 420 4654 beneficia
437 4607 590 4670 supradicta,
607 4607 641 4656 ad
660 4607 861 4670 supportandum
874 4620 961 4654 eornm
973 4619 1060 4666 onera,
1071 4611 1097 4654 et
1113 4606 1147 4654 ad
1164 4605 1375 4655 sustentationem
1392 4606 1492 4656 baben·

298 4691 365 4749 dam,
378 4704 512 4751 summam,
525 4706 571 4755 pro
585 4704 635 4755 qna
652 4691 776 4741 beneficia
793 4690 849 4755 ipsa
866 4697 997 4751 taxantur,
1015 4687 1043 4738 in'
1059 4690 1158 4739 decima
1175 4705 1313 4739 remancre.
1348 4689 1404 4740 Nos
1424 4692 1492 4742 enim

298 4774 381 4824 dictos
399 4775 557 4837 collectores,
574 4776 714 4842 recipiendi
731 4776 879 4825 utrumlibet
895 4777 1076 4838 predictorum,
1101 4775 1199 4825 scilicet
1224 4776 1384 4825 taxationem
1408 4776 1493 4839 ipsam

298 4859 340 4908 uel
357 4862 486 4909 residuum
503 4861 669 4920 antedictum,
685 4860 781 4910 habere
806 4860 926 4909 uolumus
952 4859 1097 4924 optionem3
1115 4860 1153 4909 ita
1169 4867 1264 4918 tamen,
1282 4859 1350 4922 quod
1367 4861 1493 4924 quidquid
