<?xml version="1.0" encoding="UTF-8"?>
<!DOCTYPE html PUBLIC "-//W3C//DTD XHTML 1.0 Transitional//EN"
    "http://www.w3.org/TR/xhtml1/DTD/xhtml1-transitional.dtd">
<html xmlns="http://www.w3.org/1999/xhtml" xml:lang="en" lang="en">
 <head>
  <title>
</title>
<meta http-equiv="Content-Type" content="text/html;charset=utf-8" />
  <meta name='ocr-system' content='tesseract 3.04.00' />
  <meta name='ocr-capabilities' content='ocr_page ocr_carea ocr_par ocr_line ocrx_word'/>
</head>
<body>
  <div class='ocr_page' id='page_1' title='image "./paveligenuntier00nuncgoog_0109.png"; bbox 0 0 3584 5625; ppageno 0'>
   <div class='ocr_carea' id='block_1_1' title="bbox 734 464 845 523">
    <p class='ocr_par' dir='ltr' id='par_1_1' title="bbox 734 464 845 523">
     <span class='ocr_line' id='line_1_1' title="bbox 734 464 845 523; baseline 0 0"><span class='ocrx_word' id='word_1_1' title='bbox 734 464 845 523; x_wconf 52' lang='lat'><strong>,97</strong></span> 
     </span>
    </p>
   </div>
   <div class='ocr_carea' id='block_1_2' title="bbox 237 647 1466 1743">
    <p class='ocr_par' dir='ltr' id='par_1_2' title="bbox 237 647 1466 933">
     <span class='ocr_line' id='line_1_2' title="bbox 320 647 1417 730; baseline -0.003 -15"><span class='ocrx_word' id='word_1_2' title='bbox 320 656 394 715; x_wconf 90' lang='lat' dir='ltr'><strong>Item</strong></span> <span class='ocrx_word' id='word_1_3' title='bbox 417 672 493 714; x_wconf 88' lang='lat' dir='ltr'><strong>anno</strong></span> <span class='ocrx_word' id='word_1_4' title='bbox 514 670 573 730; x_wconf 88' lang='lat' dir='ltr'><strong>qno</strong></span> <span class='ocrx_word' id='word_1_5' title='bbox 593 668 690 726; x_wconf 86' lang='lat' dir='ltr'><strong>supra.</strong></span> <span class='ocrx_word' id='word_1_6' title='bbox 722 648 768 708; x_wconf 88' lang='lat' dir='ltr'><strong>die</strong></span> <span class='ocrx_word' id='word_1_7' title='bbox 796 647 889 725; x_wconf 89' lang='lat' dir='ltr'><strong>prima</strong></span> <span class='ocrx_word' id='word_1_8' title='bbox 910 647 1087 724; x_wconf 71' lang='lat' dir='ltr'>Septembris</span> <span class='ocrx_word' id='word_1_9' title='bbox 1107 651 1217 729; x_wconf 88' lang='lat' dir='ltr'><strong>Recepi</strong></span> <span class='ocrx_word' id='word_1_10' title='bbox 1241 672 1417 729; x_wconf 82' lang='lat' dir='ltr'><strong>parmenus</strong></span> 
     </span>
     <span class='ocr_line' id='line_1_3' title="bbox 237 748 1419 828; baseline -0.002 -11"><span class='ocrx_word' id='word_1_11' title='bbox 237 755 394 817; x_wconf 85' lang='lat' dir='ltr'><strong>eorundem</strong></span> <span class='ocrx_word' id='word_1_12' title='bbox 416 755 453 814; x_wconf 94' lang='lat' dir='ltr'><strong>de</strong></span> <span class='ocrx_word' id='word_1_13' title='bbox 473 754 612 813; x_wconf 88' lang='lat' dir='ltr'><strong>fructibus</strong></span> <span class='ocrx_word' id='word_1_14' title='bbox 635 748 770 828; x_wconf 83' lang='lat' dir='ltr'><strong>predictis</strong></span> <span class='ocrx_word' id='word_1_15' title='bbox 791 750 995 809; x_wconf 84' lang='lat' dir='ltr'><strong>beneficiorum</strong></span> <span class='ocrx_word' id='word_1_16' title='bbox 1017 752 1187 811; x_wconf 87' lang='lat' dir='ltr'><strong>vaeancium</strong></span> <span class='ocrx_word' id='word_1_17' title='bbox 1209 753 1238 813; x_wconf 91' lang='lat' dir='ltr'><strong>in</strong></span> <span class='ocrx_word' id='word_1_18' title='bbox 1256 754 1373 814; x_wconf 84' lang='lat' dir='ltr'><strong>ciuitate</strong></span> <span class='ocrx_word' id='word_1_19' title='bbox 1389 763 1419 815; x_wconf 91' lang='lat' dir='ltr'><strong>et</strong></span> 
     </span>
     <span class='ocr_line' id='line_1_4' title="bbox 237 849 1466 933; baseline -0.001 -16"><span class='ocrx_word' id='word_1_20' title='bbox 237 858 346 918; x_wconf 83' lang='lat' dir='ltr'>diocesi</span> <span class='ocrx_word' id='word_1_21' title='bbox 368 854 630 933; x_wconf 80' lang='lat' dir='ltr'><strong>Steuangrensibus</strong></span> <span class='ocrx_word' id='word_1_22' title='bbox 651 882 693 893; x_wconf 92' lang='lat'>—</span> <span class='ocrx_word' id='word_1_23' title='bbox 715 849 792 927; x_wconf 74' lang='lat' dir='ltr'><strong>dviij.</strong></span> <span class='ocrx_word' id='word_1_24' title='bbox 814 870 902 910; x_wconf 89' lang='lat' dir='ltr'><strong>marc.</strong></span> <span class='ocrx_word' id='word_1_25' title='bbox 921 860 949 910; x_wconf 88' lang='lat' dir='ltr'><strong>et</strong></span> <span class='ocrx_word' id='word_1_26' title='bbox 960 870 995 911; x_wconf 88' lang='lat' dir='ltr'><strong>.v.</strong></span> <span class='ocrx_word' id='word_1_27' title='bbox 1007 853 1125 916; x_wconf 82' lang='lat' dir='ltr'><strong>onden.</strong></span> <span class='ocrx_word' id='word_1_28' title='bbox 1137 865 1251 915; x_wconf 91' lang='lat' dir='ltr'><strong>monete</strong></span> <span class='ocrx_word' id='word_1_29' title='bbox 1261 857 1418 917; x_wconf 83' lang='lat' dir='ltr'><strong>Noricane.</strong></span> <span class='ocrx_word' id='word_1_30' title='bbox 1463 884 1466 892; x_wconf 94' lang='lat'>·</span> 
     </span>
    </p>

    <p class='ocr_par' dir='ltr' id='par_1_3' title="bbox 237 953 1421 1223">
     <span class='ocr_line' id='line_1_5' title="bbox 321 953 1421 1018; baseline 0 -1"><span class='ocrx_word' id='word_1_31' title='bbox 321 959 395 1017; x_wconf 91' lang='lat' dir='ltr'><strong>Item</strong></span> <span class='ocrx_word' id='word_1_32' title='bbox 418 958 453 1018; x_wconf 88' lang='lat' dir='ltr'><strong>de</strong></span> <span class='ocrx_word' id='word_1_33' title='bbox 476 957 582 1016; x_wconf 90' lang='lat' dir='ltr'><strong>eisdem</strong></span> <span class='ocrx_word' id='word_1_34' title='bbox 604 954 745 1015; x_wconf 89' lang='lat' dir='ltr'><strong>fructibus</strong></span> <span class='ocrx_word' id='word_1_35' title='bbox 766 953 969 1012; x_wconf 85' lang='lat' dir='ltr'><strong>beneficiorum</strong></span> <span class='ocrx_word' id='word_1_36' title='bbox 992 954 1161 1014; x_wconf 89' lang='lat' dir='ltr'><strong>vacancium</strong></span> <span class='ocrx_word' id='word_1_37' title='bbox 1190 957 1220 1016; x_wconf 92' lang='lat' dir='ltr'><strong>in</strong></span> <span class='ocrx_word' id='word_1_38' title='bbox 1253 954 1370 1017; x_wconf 81' lang='lat' dir='ltr'><strong>ciuitate</strong></span> <span class='ocrx_word' id='word_1_39' title='bbox 1390 964 1421 1017; x_wconf 90' lang='lat' dir='ltr'><strong>et</strong></span> 
     </span>
     <span class='ocr_line' id='line_1_6' title="bbox 238 1054 1420 1134; baseline -0.001 -15"><span class='ocrx_word' id='word_1_40' title='bbox 238 1057 346 1119; x_wconf 77' lang='lat' dir='ltr'><strong>diocesi</strong></span> <span class='ocrx_word' id='word_1_41' title='bbox 364 1057 597 1121; x_wconf 87' lang='lat' dir='ltr'><strong>Orchedensibus</strong></span> <span class='ocrx_word' id='word_1_42' title='bbox 613 1084 647 1095; x_wconf 91' lang='lat'><em>-</em></span> <span class='ocrx_word' id='word_1_43' title='bbox 660 1054 718 1132; x_wconf 75' lang='lat' dir='ltr'><strong>nrij.</strong></span> <span class='ocrx_word' id='word_1_44' title='bbox 736 1074 824 1115; x_wconf 86' lang='lat' dir='ltr'><strong>merc.</strong></span> <span class='ocrx_word' id='word_1_45' title='bbox 841 1074 901 1133; x_wconf 78' lang='lat' dir='ltr'><strong>erg.</strong></span> <span class='ocrx_word' id='word_1_46' title='bbox 919 1055 948 1114; x_wconf 91' lang='lat' dir='ltr'><strong>in</strong></span> <span class='ocrx_word' id='word_1_47' title='bbox 966 1056 1043 1115; x_wconf 81' lang='lat' dir='ltr'><strong>vasis</strong></span> <span class='ocrx_word' id='word_1_48' title='bbox 1059 1064 1088 1115; x_wconf 89' lang='lat' dir='ltr'><strong>et</strong></span> <span class='ocrx_word' id='word_1_49' title='bbox 1104 1054 1269 1117; x_wconf 76' lang='lat' dir='ltr'><strong>fracmentis</strong></span> <span class='ocrx_word' id='word_1_50' title='bbox 1284 1058 1420 1134; x_wconf 84' lang='lat' dir='ltr'><strong>ponderis</strong></span> 
     </span>
     <span class='ocr_line' id='line_1_7' title="bbox 237 1162 386 1223; baseline -0.02 0"><span class='ocrx_word' id='word_1_51' title='bbox 237 1162 386 1223; x_wconf 84' lang='lat' dir='ltr'><strong>Norican‘n</strong></span> 
     </span>
    </p>

    <p class='ocr_par' dir='ltr' id='par_1_4' title="bbox 240 1249 1420 1438">
     <span class='ocr_line' id='line_1_8' title="bbox 314 1249 1420 1337; baseline -0.003 -15"><span class='ocrx_word' id='word_1_52' title='bbox 314 1249 396 1322; x_wconf 72' lang='lat' dir='ltr'><strong>¹Item</strong></span> <span class='ocrx_word' id='word_1_53' title='bbox 417 1261 453 1321; x_wconf 91' lang='lat' dir='ltr'><strong>de</strong></span> <span class='ocrx_word' id='word_1_54' title='bbox 475 1261 582 1321; x_wconf 89' lang='lat' dir='ltr'><strong>eisdem</strong></span> <span class='ocrx_word' id='word_1_55' title='bbox 603 1258 743 1319; x_wconf 86' lang='lat' dir='ltr'><strong>fructibus</strong></span> <span class='ocrx_word' id='word_1_56' title='bbox 765 1257 893 1318; x_wconf 82' lang='lat' dir='ltr'><strong>collectis</strong></span> <span class='ocrx_word' id='word_1_57' title='bbox 915 1257 944 1316; x_wconf 86' lang='lat' dir='ltr'><strong>in</strong></span> <span class='ocrx_word' id='word_1_58' title='bbox 965 1256 1073 1317; x_wconf 84' lang='lat' dir='ltr'><strong>diocesi</strong></span> <span class='ocrx_word' id='word_1_59' title='bbox 1104 1257 1287 1320; x_wconf 87' lang='lat' dir='ltr'><strong>Nidrosiensi</strong></span> <span class='ocrx_word' id='word_1_60' title='bbox 1307 1289 1349 1300; x_wconf 91' lang='lat'>—</span> <span class='ocrx_word' id='word_1_61' title='bbox 1371 1259 1420 1337; x_wconf 84' lang='lat' dir='ltr'><strong>iij.</strong></span> 
     </span>
     <span class='ocr_line' id='line_1_9' title="bbox 240 1357 1420 1438; baseline -0.003 -15"><span class='ocrx_word' id='word_1_62' title='bbox 240 1383 328 1423; x_wconf 86' lang='lat' dir='ltr'><strong>merc.</strong></span> <span class='ocrx_word' id='word_1_63' title='bbox 350 1382 416 1422; x_wconf 89' lang='lat' dir='ltr'><strong>oum</strong></span> <span class='ocrx_word' id='word_1_64' title='bbox 438 1363 556 1421; x_wconf 88' lang='lat' dir='ltr'><strong>dimidia</strong></span> <span class='ocrx_word' id='word_1_65' title='bbox 576 1361 686 1438; x_wconf 80' lang='lat' dir='ltr'><strong>argenti</strong></span> <span class='ocrx_word' id='word_1_66' title='bbox 709 1360 739 1418; x_wconf 91' lang='lat' dir='ltr'><strong>in</strong></span> <span class='ocrx_word' id='word_1_67' title='bbox 760 1360 837 1419; x_wconf 87' lang='lat' dir='ltr'><strong>vasis</strong></span> <span class='ocrx_word' id='word_1_68' title='bbox 864 1367 893 1417; x_wconf 92' lang='lat' dir='ltr'><strong>et</strong></span> <span class='ocrx_word' id='word_1_69' title='bbox 913 1357 1077 1419; x_wconf 77' lang='lat' dir='ltr'><strong>fracmentis</strong></span> <span class='ocrx_word' id='word_1_70' title='bbox 1105 1361 1240 1436; x_wconf 90' lang='lat' dir='ltr'><strong>ponderis</strong></span> <span class='ocrx_word' id='word_1_71' title='bbox 1271 1362 1420 1422; x_wconf 85' lang='lat' dir='ltr'><strong>Noriceni.</strong></span> 
     </span>
    </p>

    <p class='ocr_par' dir='ltr' id='par_1_5' title="bbox 242 1459 1422 1643">
     <span class='ocr_line' id='line_1_10' title="bbox 325 1459 1422 1542; baseline -0.004 -18"><span class='ocrx_word' id='word_1_72' title='bbox 325 1464 398 1523; x_wconf 90' lang='lat' dir='ltr'><strong>Item</strong></span> <span class='ocrx_word' id='word_1_73' title='bbox 422 1466 458 1524; x_wconf 94' lang='lat' dir='ltr'><strong>de</strong></span> <span class='ocrx_word' id='word_1_74' title='bbox 479 1463 604 1542; x_wconf 88' lang='lat' dir='ltr'><strong>quodam</strong></span> <span class='ocrx_word' id='word_1_75' title='bbox 626 1462 730 1521; x_wconf 87' lang='lat' dir='ltr'><strong>Mutuo</strong></span> <span class='ocrx_word' id='word_1_76' title='bbox 751 1460 828 1520; x_wconf 88' lang='lat' dir='ltr'><strong>facto</strong></span> <span class='ocrx_word' id='word_1_77' title='bbox 850 1461 909 1519; x_wconf 79' lang='lat' dir='ltr'><strong>dfio</strong></span> <span class='ocrx_word' id='word_1_78' title='bbox 933 1459 1044 1519; x_wconf 87' lang='lat' dir='ltr'><strong>Aelaeo</strong></span> <span class='ocrx_word' id='word_1_79' title='bbox 1077 1460 1165 1521; x_wconf 87' lang='lat' dir='ltr'><strong>Oleui</strong></span> <span class='ocrx_word' id='word_1_80' title='bbox 1196 1462 1282 1521; x_wconf 87' lang='lat' dir='ltr'><strong>Militi</strong></span> <span class='ocrx_word' id='word_1_81' title='bbox 1314 1491 1352 1501; x_wconf 95' lang='lat'><em>-</em></span> <span class='ocrx_word' id='word_1_82' title='bbox 1376 1461 1422 1538; x_wconf 84' lang='lat' dir='ltr'><strong>.vj.</strong></span> 
     </span>
     <span class='ocr_line' id='line_1_11' title="bbox 242 1561 1120 1643; baseline -0.006 -18"><span class='ocrx_word' id='word_1_83' title='bbox 242 1585 330 1626; x_wconf 85' lang='lat' dir='ltr'><strong>marc.</strong></span> <span class='ocrx_word' id='word_1_84' title='bbox 352 1585 412 1643; x_wconf 78' lang='lat' dir='ltr'><strong>arg.</strong></span> <span class='ocrx_word' id='word_1_85' title='bbox 434 1566 464 1625; x_wconf 93' lang='lat' dir='ltr'><strong>in</strong></span> <span class='ocrx_word' id='word_1_86' title='bbox 486 1565 562 1625; x_wconf 84' lang='lat' dir='ltr'><strong>vasis</strong></span> <span class='ocrx_word' id='word_1_87' title='bbox 585 1573 613 1624; x_wconf 92' lang='lat' dir='ltr'><strong>et</strong></span> <span class='ocrx_word' id='word_1_88' title='bbox 634 1562 796 1623; x_wconf 79' lang='lat' dir='ltr'><strong>fracmentis</strong></span> <span class='ocrx_word' id='word_1_89' title='bbox 817 1562 952 1637; x_wconf 88' lang='lat' dir='ltr'><strong>ponderis</strong></span> <span class='ocrx_word' id='word_1_90' title='bbox 971 1561 1120 1622; x_wconf 88' lang='lat' dir='ltr'><strong>Noriceni.</strong></span> 
     </span>
    </p>

    <p class='ocr_par' dir='ltr' id='par_1_6' title="bbox 563 1663 1103 1743">
     <span class='ocr_line' id='line_1_12' title="bbox 563 1663 1103 1743; baseline -0.002 -16"><span class='ocrx_word' id='word_1_91' title='bbox 563 1665 686 1743; x_wconf 86' lang='lat' dir='ltr'><strong>Recepit</strong></span> <span class='ocrx_word' id='word_1_92' title='bbox 701 1663 927 1741; x_wconf 84' lang='lat' dir='ltr'><strong>jnstrumentnm</strong></span> <span class='ocrx_word' id='word_1_93' title='bbox 946 1664 1103 1726; x_wconf 84' lang='lat' dir='ltr'><strong>Johennes.</strong></span> 
     </span>
    </p>
   </div>
   <div class='ocr_carea' id='block_1_3' title="bbox 721 1832 1424 1980">
    <p class='ocr_par' dir='ltr' id='par_1_7' title="bbox 721 1832 1424 1980">
     <span class='ocr_line' id='line_1_13' title="bbox 721 1832 1424 1911; baseline 0.001 -17"><span class='ocrx_word' id='word_1_94' title='bbox 721 1832 836 1909; x_wconf 78' lang='lat' dir='ltr'><strong>ccccvj.</strong></span> <span class='ocrx_word' id='word_1_95' title='bbox 863 1852 951 1893; x_wconf 87' lang='lat' dir='ltr'><strong>marc.</strong></span> <span class='ocrx_word' id='word_1_96' title='bbox 982 1832 1011 1911; x_wconf 73' lang='lat' dir='ltr'><strong>ij,</strong></span> <span class='ocrx_word' id='word_1_97' title='bbox 1045 1854 1095 1896; x_wconf 86' lang='lat' dir='ltr'><strong>ore</strong></span> <span class='ocrx_word' id='word_1_98' title='bbox 1128 1854 1193 1895; x_wconf 87' lang='lat' dir='ltr'><strong>cnm</strong></span> <span class='ocrx_word' id='word_1_99' title='bbox 1226 1836 1343 1895; x_wconf 90' lang='lat' dir='ltr'><strong>dimidio</strong></span> <span class='ocrx_word' id='word_1_100' title='bbox 1371 1836 1424 1896; x_wconf 83' lang='lat' dir='ltr'><strong>sol</strong></span> 
     </span>
     <span class='ocr_line' id='line_1_14' title="bbox 763 1918 1052 1980; baseline 0.01 -3"><span class='ocrx_word' id='word_1_101' title='bbox 763 1927 876 1977; x_wconf 88' lang='lat' dir='ltr'><strong>monete</strong></span> <span class='ocrx_word' id='word_1_102' title='bbox 897 1918 1052 1980; x_wconf 86' lang='lat' dir='ltr'><strong>Noricene.</strong></span> 
     </span>
    </p>
   </div>
   <div class='ocr_carea' id='block_1_4' title="bbox 246 2004 1425 2148">
    <p class='ocr_par' dir='ltr' id='par_1_8' title="bbox 246 2004 1425 2148">
     <span class='ocr_line' id='line_1_15' title="bbox 246 2004 1425 2127; baseline -0.035 -10"><span class='ocrx_word' id='word_1_103' title='bbox 246 2043 309 2127; x_wconf 74' lang='lat' dir='ltr'><strong>[apl</strong></span> <span class='ocrx_word' id='word_1_104' title='bbox 344 2049 465 2111; x_wconf 85' lang='lat' dir='ltr'><strong>Summe</strong></span> <span class='ocrx_word' id='word_1_105' title='bbox 484 2048 569 2109; x_wconf 88' lang='lat' dir='ltr'><strong>huius</strong></span> <span class='ocrx_word' id='word_1_106' title='bbox 591 2047 696 2126; x_wconf 82' lang='lat' dir='ltr'><strong>pagine</strong></span> <span class='ocrx_word' id='word_1_107' title='bbox 723 2004 791 2079; x_wconf 63' lang='lat' dir='ltr'>’xxj&#39;</span> <span class='ocrx_word' id='word_1_108' title='bbox 822 2024 912 2104; x_wconf 53' lang='lat' dir='ltr'><strong>lnam?</strong></span> <span class='ocrx_word' id='word_1_109' title='bbox 945 2023 1010 2064; x_wconf 61' lang='lat'><strong>⁰⁰¹³</strong></span> <span class='ocrx_word' id='word_1_110' title='bbox 1042 2005 1160 2065; x_wconf 61' lang='lat' dir='ltr'><strong>dimidia</strong></span> <span class='ocrx_word' id='word_1_111' title='bbox 1191 2024 1253 2084; x_wconf 56' lang='grc' dir='ltr'><strong>ΜΒ·</strong></span> <span class='ocrx_word' id='word_1_112' title='bbox 1289 2005 1425 2083; x_wconf 67' lang='grc' dir='ltr'><strong>Ρθῦἆθῑῖθ</strong></span> 
     </span>
     <span class='ocr_line' id='line_1_16' title="bbox 763 2089 912 2148; baseline -0.007 0"><span class='ocrx_word' id='word_1_113' title='bbox 763 2089 912 2148; x_wconf 83' lang='lat' dir='ltr'><strong>Norrcam.</strong></span> 
     </span>
    </p>
   </div>
   <div class='ocr_carea' id='block_1_5' title="bbox 723 2173 1424 2338">
    <p class='ocr_par' dir='ltr' id='par_1_9' title="bbox 723 2173 1424 2338">
     <span class='ocr_line' id='line_1_17' title="bbox 723 2173 1424 2252; baseline 0.004 -20"><span class='ocrx_word' id='word_1_114' title='bbox 723 2173 768 2250; x_wconf 89' lang='lat' dir='ltr'><strong>.vj.</strong></span> <span class='ocrx_word' id='word_1_115' title='bbox 790 2193 877 2233; x_wconf 87' lang='lat' dir='ltr'><strong>mero.</strong></span> <span class='ocrx_word' id='word_1_116' title='bbox 899 2194 959 2252; x_wconf 84' lang='lat' dir='ltr'><strong>arg.</strong></span> <span class='ocrx_word' id='word_1_117' title='bbox 981 2176 1116 2252; x_wconf 87' lang='lat' dir='ltr'><strong>ponderis</strong></span> <span class='ocrx_word' id='word_1_118' title='bbox 1136 2177 1276 2237; x_wconf 87' lang='lat' dir='ltr'><strong>Noricani</strong></span> <span class='ocrx_word' id='word_1_119' title='bbox 1303 2195 1424 2252; x_wconf 87' lang='lat' dir='ltr'><strong>compn-</strong></span> 
     </span>
     <span class='ocr_line' id='line_1_18' title="bbox 765 2259 1382 2338; baseline 0 -20"><span class='ocrx_word' id='word_1_120' title='bbox 765 2268 824 2318; x_wconf 88' lang='lat' dir='ltr'><strong>tate</strong></span> <span class='ocrx_word' id='word_1_121' title='bbox 845 2259 942 2319; x_wconf 84' lang='lat' dir='ltr'><strong>leuato</strong></span> <span class='ocrx_word' id='word_1_122' title='bbox 964 2269 992 2318; x_wconf 91' lang='lat' dir='ltr'><strong>et</strong></span> <span class='ocrx_word' id='word_1_123' title='bbox 1013 2261 1157 2338; x_wconf 84' lang='lat' dir='ltr'><strong>assignate</strong></span> <span class='ocrx_word' id='word_1_124' title='bbox 1178 2263 1252 2322; x_wconf 88' lang='lat' dir='ltr'><strong>inter</strong></span> <span class='ocrx_word' id='word_1_125' title='bbox 1271 2260 1382 2320; x_wconf 82' lang='lat' dir='ltr'><strong>debita.</strong></span> 
     </span>
    </p>
   </div>
   <div class='ocr_carea' id='block_1_6' title="bbox 799 2505 985 2516">
    <p class='ocr_par' dir='ltr' id='par_1_10' title="bbox 799 2505 985 2516">
     <span class='ocr_line' id='line_1_19' title="bbox 799 2505 985 2516; baseline 0.011 -2"><span class='ocrx_word' id='word_1_126' title='bbox 799 2505 827 2514; x_wconf 58' lang='lat'><strong>0-</strong></span> <span class='ocrx_word' id='word_1_127' title='bbox 832 2508 985 2516; x_wconf 75' lang='lat'>-—-.....-..</span> 
     </span>
    </p>
   </div>
   <div class='ocr_carea' id='block_1_7' title="bbox 413 2720 1658 2867">
    <p class='ocr_par' dir='ltr' id='par_1_11' title="bbox 413 2720 1658 2867">
     <span class='ocr_line' id='line_1_20' title="bbox 413 2720 1658 2867; baseline 0.001 -66"><span class='ocrx_word' id='word_1_128' title='bbox 413 2722 471 2801; x_wconf 89' lang='lat' dir='ltr'><strong>De</strong></span> <span class='ocrx_word' id='word_1_129' title='bbox 502 2720 658 2830; x_wconf 89' lang='lat' dir='ltr'><strong>quodam</strong></span> <span class='ocrx_word' id='word_1_130' title='bbox 689 2720 811 2801; x_wconf 88' lang='lat' dir='ltr'><strong>debito</strong></span> <span class='ocrx_word' id='word_1_131' title='bbox 842 2722 961 2802; x_wconf 88' lang='lat' dir='ltr'><strong>soluto</strong></span> <span class='ocrx_word' id='word_1_132' title='bbox 991 2725 1027 2801; x_wconf 91' lang='lat' dir='ltr'><strong>in</strong></span> <span class='ocrx_word' id='word_1_133' title='bbox 1057 2720 1265 2829; x_wconf 83' lang='lat' dir='ltr'><strong>Norwegie.</strong></span> <span class='ocrx_word' id='word_1_134' title='bbox 1435 2760 1526 2802; x_wconf 63' lang='lat' dir='ltr'><strong>eren.</strong></span> <span class='ocrx_word' id='word_1_135' title='bbox 1651 2822 1658 2867; x_wconf 49' lang='lat'><strong><em>¹</em></strong></span> 
     </span>
    </p>
   </div>
   <div class='ocr_carea' id='block_1_8' title="bbox 254 2907 1430 3594">
    <p class='ocr_par' dir='ltr' id='par_1_12' title="bbox 254 2907 1430 3490">
     <span class='ocr_line' id='line_1_21' title="bbox 334 2907 1429 2988; baseline 0.003 -21"><span class='ocrx_word' id='word_1_136' title='bbox 334 2908 409 2967; x_wconf 89' lang='lat' dir='ltr'><strong>Item</strong></span> <span class='ocrx_word' id='word_1_137' title='bbox 431 2928 506 2967; x_wconf 83' lang='lat' dir='ltr'><strong>anno</strong></span> <span class='ocrx_word' id='word_1_138' title='bbox 527 2927 585 2985; x_wconf 90' lang='lat' dir='ltr'><strong>quo</strong></span> <span class='ocrx_word' id='word_1_139' title='bbox 606 2927 702 2985; x_wconf 79' lang='lat' dir='ltr'><strong>supra</strong></span> <span class='ocrx_word' id='word_1_140' title='bbox 724 2908 771 2967; x_wconf 93' lang='lat' dir='ltr'><strong>die</strong></span> <span class='ocrx_word' id='word_1_141' title='bbox 792 2907 950 2988; x_wconf 87' lang='lat' dir='ltr'><strong>penultima</strong></span> <span class='ocrx_word' id='word_1_142' title='bbox 969 2907 1058 2984; x_wconf 84' lang='lat' dir='ltr'><strong>Junij.</strong></span> <span class='ocrx_word' id='word_1_143' title='bbox 1079 2909 1191 2986; x_wconf 87' lang='lat' dir='ltr'><strong>Recepi</strong></span> <span class='ocrx_word' id='word_1_144' title='bbox 1217 2929 1236 2969; x_wconf 87' lang='lat' dir='ltr'><strong>a</strong></span> <span class='ocrx_word' id='word_1_145' title='bbox 1261 2909 1319 2969; x_wconf 75' lang='lat' dir='ltr'><strong>dno</strong></span> <span class='ocrx_word' id='word_1_146' title='bbox 1352 2908 1429 2970; x_wconf 82' lang='lat' dir='ltr'><strong>Ger·</strong></span> 
     </span>
     <span class='ocr_line' id='line_1_22' title="bbox 254 3008 1430 3088; baseline 0.003 -22"><span class='ocrx_word' id='word_1_147' title='bbox 254 3010 360 3068; x_wconf 91' lang='lat' dir='ltr'><strong>mundo</strong></span> <span class='ocrx_word' id='word_1_148' title='bbox 383 3010 522 3070; x_wconf 85' lang='lat' dir='ltr'><strong>canonico</strong></span> <span class='ocrx_word' id='word_1_149' title='bbox 544 3008 677 3070; x_wconf 88' lang='lat' dir='ltr'><strong>Oeloensi</strong></span> <span class='ocrx_word' id='word_1_150' title='bbox 697 3010 813 3071; x_wconf 88' lang='lat' dir='ltr'><strong>racione</strong></span> <span class='ocrx_word' id='word_1_151' title='bbox 835 3009 923 3069; x_wconf 91' lang='lat' dir='ltr'><strong>debiti</strong></span> <span class='ocrx_word' id='word_1_152' title='bbox 943 3010 973 3068; x_wconf 88' lang='lat' dir='ltr'><strong>in</strong></span> <span class='ocrx_word' id='word_1_153' title='bbox 994 3029 1052 3087; x_wconf 91' lang='lat' dir='ltr'><strong>quo</strong></span> <span class='ocrx_word' id='word_1_154' title='bbox 1074 3011 1128 3070; x_wconf 76' lang='lat' dir='ltr'><strong>dns</strong></span> <span class='ocrx_word' id='word_1_155' title='bbox 1145 3011 1251 3070; x_wconf 81' lang='lat' dir='ltr'><strong>Petrus</strong></span> <span class='ocrx_word' id='word_1_156' title='bbox 1266 3011 1430 3088; x_wconf 84' lang='lat' dir='ltr'><strong>Episcopus</strong></span> 
     </span>
     <span class='ocr_line' id='line_1_23' title="bbox 255 3110 1430 3190; baseline 0 -19"><span class='ocrx_word' id='word_1_157' title='bbox 255 3110 401 3171; x_wconf 86' lang='lat' dir='ltr'><strong>Scarensie</strong></span> <span class='ocrx_word' id='word_1_158' title='bbox 423 3122 452 3170; x_wconf 92' lang='lat' dir='ltr'><strong>et</strong></span> <span class='ocrx_word' id='word_1_159' title='bbox 473 3112 527 3170; x_wconf 77' lang='lat' dir='ltr'><strong>d1&#39;1s</strong></span> <span class='ocrx_word' id='word_1_160' title='bbox 548 3111 692 3170; x_wconf 74' lang='lat' dir='ltr'><strong>Anundus</strong></span> <span class='ocrx_word' id='word_1_161' title='bbox 714 3111 802 3173; x_wconf 89' lang='lat' dir='ltr'><strong>Stura</strong></span> <span class='ocrx_word' id='word_1_162' title='bbox 823 3112 910 3171; x_wconf 89' lang='lat' dir='ltr'><strong>Miles</strong></span> <span class='ocrx_word' id='word_1_163' title='bbox 931 3120 1013 3170; x_wconf 87' lang='lat' dir='ltr'><strong>erant</strong></span> <span class='ocrx_word' id='word_1_164' title='bbox 1034 3130 1146 3171; x_wconf 83' lang='lat' dir='ltr'><strong>camere</strong></span> <span class='ocrx_word' id='word_1_165' title='bbox 1167 3113 1214 3171; x_wconf 80' lang='lat' dir='ltr'><strong>dni</strong></span> <span class='ocrx_word' id='word_1_166' title='bbox 1237 3113 1326 3172; x_wconf 88' lang='lat' dir='ltr'><strong>nostri</strong></span> <span class='ocrx_word' id='word_1_167' title='bbox 1354 3131 1430 3190; x_wconf 89' lang='lat' dir='ltr'><strong>pape</strong></span> 
     </span>
     <span class='ocr_line' id='line_1_24' title="bbox 255 3212 1430 3290; baseline 0.001 -19"><span class='ocrx_word' id='word_1_168' title='bbox 255 3212 373 3290; x_wconf 81' lang='lat' dir='ltr'><strong>obligati</strong></span> <span class='ocrx_word' id='word_1_169' title='bbox 394 3231 447 3289; x_wconf 90' lang='lat' dir='ltr'><strong>pro</strong></span> <span class='ocrx_word' id='word_1_170' title='bbox 467 3222 568 3271; x_wconf 88' lang='lat' dir='ltr'><strong>mutuo</strong></span> <span class='ocrx_word' id='word_1_171' title='bbox 589 3220 707 3288; x_wconf 86' lang='lat' dir='ltr'><strong>recepto</strong></span> <span class='ocrx_word' id='word_1_172' title='bbox 727 3233 747 3272; x_wconf 90' lang='lat' dir='ltr'><strong>a</strong></span> <span class='ocrx_word' id='word_1_173' title='bbox 767 3214 854 3273; x_wconf 84' lang='lat' dir='ltr'><strong>fratre</strong></span> <span class='ocrx_word' id='word_1_174' title='bbox 874 3212 1009 3273; x_wconf 81' lang='lat' dir='ltr'><strong>Johanne</strong></span> <span class='ocrx_word' id='word_1_175' title='bbox 1031 3213 1067 3270; x_wconf 89' lang='lat' dir='ltr'><strong>de</strong></span> <span class='ocrx_word' id='word_1_176' title='bbox 1088 3212 1198 3275; x_wconf 88' lang='lat' dir='ltr'><strong>Serone</strong></span> <span class='ocrx_word' id='word_1_177' title='bbox 1219 3223 1248 3273; x_wconf 91' lang='lat' dir='ltr'><strong>et</strong></span> <span class='ocrx_word' id='word_1_178' title='bbox 1269 3215 1330 3276; x_wconf 86' lang='lat' dir='ltr'><strong>eius</strong></span> <span class='ocrx_word' id='word_1_179' title='bbox 1351 3214 1430 3274; x_wconf 87' lang='lat' dir='ltr'><strong>socio</strong></span> 
     </span>
     <span class='ocr_line' id='line_1_25' title="bbox 256 3312 1429 3391; baseline 0.003 -20"><span class='ocrx_word' id='word_1_180' title='bbox 256 3313 364 3390; x_wconf 89' lang='lat' dir='ltr'><strong>pridem</strong></span> <span class='ocrx_word' id='word_1_181' title='bbox 383 3314 542 3390; x_wconf 77' lang='lat' dir='ltr'><strong>apostolice</strong></span> <span class='ocrx_word' id='word_1_182' title='bbox 563 3314 639 3374; x_wconf 87' lang='lat' dir='ltr'><strong>sedis</strong></span> <span class='ocrx_word' id='word_1_183' title='bbox 659 3314 782 3391; x_wconf 87' lang='lat' dir='ltr'><strong>Nuncijs</strong></span> <span class='ocrx_word' id='word_1_184' title='bbox 801 3341 842 3353; x_wconf 92' lang='lat'><em>-</em></span> <span class='ocrx_word' id='word_1_185' title='bbox 865 3314 924 3374; x_wconf 81' lang='lat' dir='ltr'><strong>lix.</strong></span> <span class='ocrx_word' id='word_1_186' title='bbox 946 3333 1033 3373; x_wconf 87' lang='lat' dir='ltr'><strong>merc.</strong></span> <span class='ocrx_word' id='word_1_187' title='bbox 1054 3312 1092 3389; x_wconf 85' lang='lat' dir='ltr'><strong>vj.</strong></span> <span class='ocrx_word' id='word_1_188' title='bbox 1113 3334 1154 3374; x_wconf 89' lang='lat' dir='ltr'><strong>or.</strong></span> <span class='ocrx_word' id='word_1_189' title='bbox 1175 3323 1205 3374; x_wconf 92' lang='lat' dir='ltr'><strong>et</strong></span> <span class='ocrx_word' id='word_1_190' title='bbox 1230 3316 1348 3375; x_wconf 87' lang='lat' dir='ltr'><strong>dimidia</strong></span> <span class='ocrx_word' id='word_1_191' title='bbox 1368 3333 1429 3391; x_wconf 77' lang='lat' dir='ltr'><strong>arg.</strong></span> 
     </span>
     <span class='ocr_line' id='line_1_26' title="bbox 256 3413 556 3490; baseline 0.003 -17"><span class='ocrx_word' id='word_1_192' title='bbox 256 3415 387 3490; x_wconf 86' lang='lat' dir='ltr'><strong>ponderis</strong></span> <span class='ocrx_word' id='word_1_193' title='bbox 407 3413 556 3475; x_wconf 86' lang='lat' dir='ltr'><strong>Noriceni.</strong></span> 
     </span>
    </p>

    <p class='ocr_par' dir='ltr' id='par_1_13' title="bbox 583 3514 1105 3594">
     <span class='ocr_line' id='line_1_27' title="bbox 583 3514 1105 3594; baseline -0.004 -18"><span class='ocrx_word' id='word_1_194' title='bbox 583 3517 706 3594; x_wconf 86' lang='lat' dir='ltr'><strong>Recepit</strong></span> <span class='ocrx_word' id='word_1_195' title='bbox 720 3516 945 3594; x_wconf 87' lang='lat' dir='ltr'><strong>jnstrumentnm</strong></span> <span class='ocrx_word' id='word_1_196' title='bbox 965 3514 1105 3575; x_wconf 71' lang='lat' dir='ltr'><strong>lacobus.</strong></span> 
     </span>
    </p>
   </div>
   <div class='ocr_carea' id='block_1_9' title="bbox 694 3750 994 3760">
    <p class='ocr_par' dir='ltr' id='par_1_14' title="bbox 694 3750 994 3760">
     <span class='ocr_line' id='line_1_28' title="bbox 694 3750 994 3760; baseline -0.003 -1"><span class='ocrx_word' id='word_1_197' title='bbox 694 3750 994 3760; x_wconf 73' lang='lat'><em>....————-—-.-</em></span> 
     </span>
    </p>
   </div>
   <div class='ocr_carea' id='block_1_10' title="bbox 522 3942 1176 4049">
    <p class='ocr_par' dir='ltr' id='par_1_15' title="bbox 522 3942 1176 4049">
     <span class='ocr_line' id='line_1_29' title="bbox 522 3942 1176 4049; baseline -0.003 -26"><span class='ocrx_word' id='word_1_198' title='bbox 522 3943 579 4023; x_wconf 88' lang='lat' dir='ltr'><strong>De</strong></span> <span class='ocrx_word' id='word_1_199' title='bbox 611 3942 779 4026; x_wconf 87' lang='lat' dir='ltr'><strong>Subsidio</strong></span> <span class='ocrx_word' id='word_1_200' title='bbox 811 3945 882 4023; x_wconf 83' lang='lat' dir='ltr'><strong>dn‘o</strong></span> <span class='ocrx_word' id='word_1_201' title='bbox 913 3969 1009 4049; x_wconf 87' lang='lat' dir='ltr'><strong>pape</strong></span> <span class='ocrx_word' id='word_1_202' title='bbox 1041 3942 1176 4022; x_wconf 87' lang='lat' dir='ltr'><strong>oblato.</strong></span> 
     </span>
    </p>
   </div>
   <div class='ocr_carea' id='block_1_11' title="bbox 264 4127 1437 4613">
    <p class='ocr_par' dir='ltr' id='par_1_16' title="bbox 264 4127 1437 4512">
     <span class='ocr_line' id='line_1_30' title="bbox 341 4127 1437 4207; baseline -0.001 -21"><span class='ocrx_word' id='word_1_203' title='bbox 341 4127 417 4186; x_wconf 92' lang='lat' dir='ltr'><strong>Item</strong></span> <span class='ocrx_word' id='word_1_204' title='bbox 439 4146 516 4187; x_wconf 88' lang='lat' dir='ltr'><strong>enno</strong></span> <span class='ocrx_word' id='word_1_205' title='bbox 536 4149 594 4207; x_wconf 92' lang='lat' dir='ltr'><strong>qno</strong></span> <span class='ocrx_word' id='word_1_206' title='bbox 615 4148 710 4206; x_wconf 83' lang='lat' dir='ltr'><strong>supra</strong></span> <span class='ocrx_word' id='word_1_207' title='bbox 734 4129 779 4188; x_wconf 92' lang='lat' dir='ltr'><strong>die</strong></span> <span class='ocrx_word' id='word_1_208' title='bbox 800 4129 894 4206; x_wconf 89' lang='lat' dir='ltr'><strong>prima</strong></span> <span class='ocrx_word' id='word_1_209' title='bbox 916 4127 1092 4206; x_wconf 81' lang='lat' dir='ltr'><strong>Septembris</strong></span> <span class='ocrx_word' id='word_1_210' title='bbox 1123 4127 1220 4205; x_wconf 87' lang='lat' dir='ltr'><strong>recepi</strong></span> <span class='ocrx_word' id='word_1_211' title='bbox 1251 4146 1304 4204; x_wconf 87' lang='lat' dir='ltr'><strong>per</strong></span> <span class='ocrx_word' id='word_1_212' title='bbox 1334 4145 1437 4186; x_wconf 91' lang='lat' dir='ltr'><strong>manus</strong></span> 
     </span>
     <span class='ocr_line' id='line_1_31' title="bbox 264 4227 1437 4308; baseline -0.002 -19"><span class='ocrx_word' id='word_1_213' title='bbox 264 4227 310 4289; x_wconf 79' lang='lat' dir='ltr'><strong>dni</strong></span> <span class='ocrx_word' id='word_1_214' title='bbox 330 4229 470 4308; x_wconf 87' lang='lat' dir='ltr'><strong>Episcopi</strong></span> <span class='ocrx_word' id='word_1_215' title='bbox 491 4231 645 4308; x_wconf 84' lang='lat' dir='ltr'><strong>Bergensis</strong></span> <span class='ocrx_word' id='word_1_216' title='bbox 665 4231 807 4291; x_wconf 83' lang='lat' dir='ltr'><strong>Johannie</strong></span> <span class='ocrx_word' id='word_1_217' title='bbox 827 4231 898 4291; x_wconf 82' lang='lat' dir='ltr'><strong>Albi</strong></span> <span class='ocrx_word' id='word_1_218' title='bbox 920 4241 949 4290; x_wconf 91' lang='lat' dir='ltr'><strong>et</strong></span> <span class='ocrx_word' id='word_1_219' title='bbox 970 4231 1096 4292; x_wconf 85' lang='lat' dir='ltr'><strong>Saluone</strong></span> <span class='ocrx_word' id='word_1_220' title='bbox 1116 4230 1218 4289; x_wconf 85' lang='lat' dir='ltr'><strong>Ywari</strong></span> <span class='ocrx_word' id='word_1_221' title='bbox 1233 4228 1437 4289; x_wconf 86' lang='lat' dir='ltr'><strong>canonicorum</strong></span> 
     </span>
     <span class='ocr_line' id='line_1_32' title="bbox 264 4329 1435 4409; baseline 0.002 -21"><span class='ocrx_word' id='word_1_222' title='bbox 264 4329 450 4408; x_wconf 81' lang='lat' dir='ltr'><strong>Bergensium</strong></span> <span class='ocrx_word' id='word_1_223' title='bbox 472 4331 508 4391; x_wconf 90' lang='lat' dir='ltr'><strong>de</strong></span> <span class='ocrx_word' id='word_1_224' title='bbox 528 4333 656 4392; x_wconf 88' lang='lat' dir='ltr'><strong>subsidio</strong></span> <span class='ocrx_word' id='word_1_225' title='bbox 688 4332 764 4392; x_wconf 86' lang='lat' dir='ltr'><strong>facto</strong></span> <span class='ocrx_word' id='word_1_226' title='bbox 786 4352 839 4409; x_wconf 94' lang='lat' dir='ltr'><strong>per</strong></span> <span class='ocrx_word' id='word_1_227' title='bbox 860 4333 928 4390; x_wconf 82' lang='lat' dir='ltr'><strong>d1&#39;1m</strong></span> <span class='ocrx_word' id='word_1_228' title='bbox 950 4332 1128 4408; x_wconf 86' lang='lat' dir='ltr'><strong>Episcopum</strong></span> <span class='ocrx_word' id='word_1_229' title='bbox 1150 4331 1374 4393; x_wconf 87' lang='lat' dir='ltr'><strong>Orchadensem.</strong></span> <span class='ocrx_word' id='word_1_230' title='bbox 1399 4355 1435 4368; x_wconf 87' lang='lat'><strong>··</strong></span> 
     </span>
     <span class='ocr_line' id='line_1_33' title="bbox 264 4433 1101 4512; baseline 0.002 -23"><span class='ocrx_word' id='word_1_231' title='bbox 264 4433 347 4512; x_wconf 60' lang='lat' dir='ltr'><strong>xviij.</strong></span> <span class='ocrx_word' id='word_1_232' title='bbox 369 4451 457 4494; x_wconf 81' lang='lat' dir='ltr'><strong>merc.</strong></span> <span class='ocrx_word' id='word_1_233' title='bbox 478 4452 539 4511; x_wconf 78' lang='lat' dir='ltr'><strong>arg.</strong></span> <span class='ocrx_word' id='word_1_234' title='bbox 560 4433 592 4492; x_wconf 91' lang='lat' dir='ltr'><strong>in</strong></span> <span class='ocrx_word' id='word_1_235' title='bbox 613 4433 775 4494; x_wconf 78' lang='lat' dir='ltr'><strong>fracmentis</strong></span> <span class='ocrx_word' id='word_1_236' title='bbox 795 4435 931 4511; x_wconf 89' lang='lat' dir='ltr'><strong>ponderis</strong></span> <span class='ocrx_word' id='word_1_237' title='bbox 951 4433 1101 4494; x_wconf 85' lang='lat' dir='ltr'><strong>Noriceni.</strong></span> 
     </span>
    </p>

    <p class='ocr_par' dir='ltr' id='par_1_17' title="bbox 578 4535 1121 4613">
     <span class='ocr_line' id='line_1_34' title="bbox 578 4535 1121 4613; baseline 0 -19"><span class='ocrx_word' id='word_1_238' title='bbox 578 4535 702 4613; x_wconf 90' lang='lat' dir='ltr'><strong>Recepit</strong></span> <span class='ocrx_word' id='word_1_239' title='bbox 716 4536 942 4613; x_wconf 90' lang='lat' dir='ltr'><strong>jnstrumentnm</strong></span> <span class='ocrx_word' id='word_1_240' title='bbox 962 4536 1121 4596; x_wconf 65' lang='lat' dir='ltr'><strong>«Iohannes.</strong></span> 
     </span>
    </p>
   </div>
   <div class='ocr_carea' id='block_1_12' title="bbox 268 4692 1439 4867">
    <p class='ocr_par' dir='ltr' id='par_1_18' title="bbox 268 4692 1439 4867">
     <span class='ocr_line' id='line_1_35' title="bbox 268 4692 1439 4782; baseline -0.006 -15"><span class='ocrx_word' id='word_1_241' title='bbox 268 4692 337 4781; x_wconf 71' lang='grc' dir='ltr'>[ομ]</span> <span class='ocrx_word' id='word_1_242' title='bbox 361 4703 481 4767; x_wconf 83' lang='lat' dir='ltr'><strong>Summa</strong></span> <span class='ocrx_word' id='word_1_243' title='bbox 501 4706 586 4765; x_wconf 88' lang='lat' dir='ltr'><strong>huius</strong></span> <span class='ocrx_word' id='word_1_244' title='bbox 608 4706 713 4782; x_wconf 83' lang='lat' dir='ltr'><strong>pagine</strong></span> <span class='ocrx_word' id='word_1_245' title='bbox 734 4733 774 4745; x_wconf 95' lang='lat'><strong>—</strong></span> <span class='ocrx_word' id='word_1_246' title='bbox 797 4705 905 4782; x_wconf 61' lang='lat' dir='ltr'><strong>,lxxvii</strong></span> <span class='ocrx_word' id='word_1_247' title='bbox 927 4724 1014 4764; x_wconf 86' lang='lat' dir='ltr'><strong>maro.</strong></span> <span class='ocrx_word' id='word_1_248' title='bbox 1034 4705 1071 4781; x_wconf 88' lang='lat' dir='ltr'><strong>vj.</strong></span> <span class='ocrx_word' id='word_1_249' title='bbox 1094 4725 1134 4764; x_wconf 88' lang='lat' dir='ltr'><strong>or.</strong></span> <span class='ocrx_word' id='word_1_250' title='bbox 1152 4722 1218 4763; x_wconf 89' lang='lat' dir='ltr'><strong>cum</strong></span> <span class='ocrx_word' id='word_1_251' title='bbox 1240 4702 1357 4763; x_wconf 85' lang='lat' dir='ltr'><strong>dimidia</strong></span> <span class='ocrx_word' id='word_1_252' title='bbox 1378 4721 1439 4778; x_wconf 83' lang='lat' dir='ltr'><strong>arg.</strong></span> 
     </span>
     <span class='ocr_line' id='line_1_36' title="bbox 795 4790 1099 4867; baseline -0.003 -18"><span class='ocrx_word' id='word_1_253' title='bbox 795 4790 930 4867; x_wconf 85' lang='lat' dir='ltr'><strong>ponderis</strong></span> <span class='ocrx_word' id='word_1_254' title='bbox 951 4790 1099 4849; x_wconf 84' lang='lat' dir='ltr'><strong>Noriceni.</strong></span> 
     </span>
    </p>
   </div>
   <div class='ocr_carea' id='block_1_13' title="bbox 1221 4907 1239 4965">
    <p class='ocr_par' dir='ltr' id='par_1_19' title="bbox 1221 4907 1239 4965">
     <span class='ocr_line' id='line_1_37' title="bbox 1221 4907 1239 4965; baseline 0 0"><span class='ocrx_word' id='word_1_255' title='bbox 1221 4907 1239 4965; x_wconf 78' lang='lat'><strong>7</strong></span> 
     </span>
    </p>
   </div>
   <div class='ocr_carea' id='block_1_14' title="bbox 0 0 1830 5625">
    <p class='ocr_par' dir='ltr' id='par_1_20' title="bbox 0 0 1830 5625">
     <span class='ocr_line' id='line_1_38' title="bbox 0 0 1830 5625; baseline 0 0"><span class='ocrx_word' id='word_1_256' title='bbox 0 0 1830 5625; x_wconf 95' lang='lat' dir='ltr'><strong> </strong></span> 
     </span>
    </p>
   </div>
  </div>
 </body>
</html>
