3584 5625
862 490 920 544 118

209 685 293 725 ποι-θυ-
379 675 452 733 Item
475 674 570 732 eundo
592 674 628 732 de
650 673 747 734 scaris
769 693 869 732 uersus
887 674 1039 733 ecclesiam
1051 674 1268 749 Lincopensem.
1280 674 1348 732 dedi
1358 671 1481 732 homini-

296 776 350 832 bus
372 775 420 851 qui
443 795 495 851 per
517 775 598 833 niues
620 774 656 830 de
678 784 762 832 nocte
784 794 829 831 me
852 775 1005 833 duxerunt
1026 775 1096 852 quia
1115 794 1168 850 pro
1187 774 1269 850 equis
1280 793 1337 832 non
1349 782 1481 850 poteram

295 874 433 951 pabulum
457 876 584 933 inuenire
607 894 660 932 nec
680 874 778 951 aliqua
799 874 939 934 uictualia
967 905 994 913 -
1024 876 1060 950 .ij.
1083 894 1174 951 gross.
1197 875 1391 935 Turonenses.

379 976 451 1034 Item
474 997 551 1035 .xxv.
574 977 620 1034 die
642 977 816 1035 Nouembris
838 978 874 1036 de
896 979 1060 1054 ScaeningIa
1075 976 1263 1053 Lincopensis
1285 976 1409 1036 diocesIs
1430 976 1480 1035 ubi

295 1076 390 1133 inueni
424 1078 492 1150 dnm
523 1077 701 1154 Episcopum
735 1078 955 1155 Lincopcnsem,
988 1079 1050 1137 misi
1090 1077 1226 1136 nuncium
1258 1078 1295 1136 ad
1327 1077 1480 1137 ecelesiam

295 1177 509 1239 Vexionensem
531 1198 597 1237 cum
619 1179 801 1255 processibus
824 1180 894 1237 meis
916 1190 945 1237 et
967 1180 1034 1238 dedi
1055 1179 1108 1239 sibi
1130 1197 1184 1255 pro
1206 1177 1357 1237 laboribus
1379 1188 1409 1237 et
1429 1198 1480 1236 ex·

294 1279 390 1354 pensis
412 1308 454 1317 -
476 1280 514 1354 .ij.
539 1299 627 1337 marc.
650 1280 713 1337 den.
736 1280 910 1341 Suanorum.

378 1380 450 1438 Item
473 1381 519 1439 die
541 1377 597 1455 .iijl·
612 1379 782 1440 Decembris
802 1382 864 1439 misi
886 1370 974 1439 unum
998 1381 1133 1439 nuncium
1156 1382 1193 1438 ad
1213 1381 1285 1439 dr'ros
1314 1379 1479 1456 Episcopos

294 1491 323 1537 et
343 1480 479 1557 capitula
501 1481 697 1551 ecclesiarum,
720 1482 947 1559 Streugenensis‚
967 1482 1132 1541 ArosiensIs
1154 1492 1183 1540 et
1214 1481 1385 1558 Vpsalensis
1414 1499 1478 1541 cum

294 1583 476 1659 processibus
498 1583 576 1655 meis,
599 1582 649 1659 qui
670 1582 722 1640 Iuit
742 1584 771 1639 in
793 1584 857 1659 ipse
879 1584 928 1641 uia
950 1603 1001 1659 per
1023 1582 1070 1657 .iij.
1083 1585 1259 1661 septimanas
1276 1580 1479 1657 etampliuset

294 1683 359 1740 dedi
381 1684 434 1742 sibi
457 1703 510 1760 pro
532 1684 679 1743 laboribus
700 1683 758 1741 suis
780 1693 809 1741 et
830 1686 964 1760 expensis
992 1718 1023 1727 ⁴-
1049 1683 1094 1760 .iij.
1117 1704 1205 1743 marc.
1225 1683 1290 1742 den.
1305 1683 1478 1744 Sueuorum.

376 1784 451 1843 Item
473 1784 537 1843 misi
552 1803 640 1842 vnum
653 1786 788 1843 nuncium
800 1805 864 1844 cum
878 1786 1059 1862 processibus
1070 1785 1189 1843 meisad
1202 1794 1308 1843 terram
1321 1784 1478 1845 Gotlandie

294 1885 410 1943 etvdedi
432 1885 485 1944 sibi
507 1905 561 1962 pro
582 1885 730 1945 laboribus
751 1886 810 1945 suis
832 1896 861 1945 et
882 1887 969 1945 naulo
992 1915 1031 1924 —
1054 1887 1090 1962 .ij.
1112 1906 1200 1945 marc.
1222 1886 1286 1944 den.
1306 1884 1478 1945 Suanorum.

377 1987 452 2044 Item
485 1988 547 2045 misi
575 2006 663 2045 vnum
692 1988 827 2047 nuncium
859 1989 898 2047 ad
930 1988 1083 2047 eeclesiam
1117 1989 1284 2046 Aboensem
1316 1987 1345 2045 in
1378 1985 1480 2045 Insula

293 2085 447 2145 Finlandie
469 2097 498 2146 et
519 2089 585 2146 dedi
607 2089 662 2147 sibi
684 2109 737 2165 pro
757 2089 914 2162 laboribus,
937 2090 1071 2165 expensis
1103 2100 1132 2149 et
1163 2107 1215 2163 pro
1247 2088 1335 2147 naulo
1361 2116 1396 2126 -
1421 2088 1478 2164 .iiij.

293 2208 381 2247 marc.
405 2189 468 2247 den.
491 2190 653 2251 Sueuorum
677 2199 705 2246 et
726 2190 804 2247 tenui
826 2191 920 2266 ipsum
942 2191 971 2247 in
1001 2192 1135 2267 expensis
1169 2198 1235 2248 ante
1268 2199 1298 2247 et
1328 2198 1396 2266 post
1427 2210 1479 2293 par

293 2310 419 2349 mensem
443 2292 622 2368 etamplius.

378 2393 452 2451 Item
473 2393 537 2450 dedi
559 2394 608 2451 vni
631 2394 740 2451 cursori
763 2394 811 2451 dni
832 2392 934 2451 Karoli
958 2395 1190 2470 Nescouingsson
1210 2393 1319 2465 Militis,
1331 2393 1381 2450 dni
1403 2403 1480 2453 terre

294 2514 346 2554 seu
368 2498 493 2571 regentIs
515 2504 620 2553 terram
642 2494 795 2553 Finlandie
818 2496 864 2554 cui
893 2495 1023 2555 commisi
1055 2496 1144 2554 alium
1177 2514 1343 2571 processum
1375 2497 1480 2555 timens

295 2617 331 2656 ne
353 2596 427 2656 alius
448 2596 569 2656 nuncius
591 2605 710 2673 propter
730 2597 860 2673 hyemem
883 2596 953 2655 illuc
974 2598 1072 2655 venire
1094 2618 1151 2655 non
1173 2606 1278 2674 posset
1311 2596 1378 2655 dedi
1401 2598 1479 2656 dicto

182 2709 191 2721 '
295 2699 404 2757 cursori
425 2727 467 2737 -—
489 2697 514 2772 .j.
536 2716 624 2757 marc.
647 2698 710 2755 den.
733 2698 906 2759 Sueuorum.

378 2800 452 2859 Item
474 2798 548 2860 solui
569 2819 623 2876 pro
642 2796 725 2859 *sera
746 2800 784 2857 ad
805 2800 989 2876 sigillandum
1011 2800 1121 2860 litteras
1144 2828 1176 2838 -
1205 2800 1275 2878 ‚iiijr
1287 2819 1379 2876 gross.
1402 2801 1479 2860 Tur·

295 2921 425 2962 onenses.
1316 2890 1319 2895 ’

379 3004 452 3063 Item
475 3022 550 3062 anno
571 3003 620 3059 dr‘ri
653 3011 702 3060 ‚ml
725 3010 787 3060 cccl
809 3003 914 3078 xxxiijt
936 3005 982 3063 die
1016 3004 1072 3081 .xij.
1102 3004 1207 3063 mensis
1236 3003 1368 3079 Ianuarij
1402 3005 1481 3064 exiui

296 3106 331 3164 de
353 3105 494 3183 Lincopia
516 3114 545 3162 et
565 3104 605 3161 iui
627 3124 727 3163 uersus
749 3103 863 3162 Umbro
888 3105 935 3162 ubi
958 3106 1168 3180 parlamentum
1200 3106 1261 3163 fieri
1295 3106 1421 3165 debebat
1452 3115 1482 3165 et

294 3205 403 3264 Prolati
426 3207 595 3283 congregari
629 3224 694 3264 cum
725 3204 869 3262 nobilibus
901 3207 1045 3264 debebant
1078 3216 1107 3263 et
1139 3206 1206 3264 dedi
1237 3207 1351 3267 ductori
1383 3237 1426 3246 —
1455 3207 1480 3284 .j.

294 3306 434 3365 florenum
455 3305 542 3366 auri¹.

209 3434 292 3473 mars.
378 3409 450 3466 Item
474 3411 539 3468 dedi
571 3408 659 3485 priori
693 3409 905 3484 predicatorum
939 3409 1152 3466 Visbicensium
1180 3428 1232 3485 per
1265 3427 1351 3483 quem
1378 3409 1481 3486 scripsi

297 3509 354 3566 dno
377 3521 474 3569 nostro
496 3531 572 3589 pape
597 3539 630 3548 -
656 3509 702 3584 .iij.
726 3509 778 3568 sol.
802 3529 891 3585 gross.
914 3509 1136 3569 Turonensium.

377 3611 450 3668 Item
472 3612 548 3671 facto
570 3613 646 3671 dicto
665 3611 845 3688 parlamento
867 3611 1019 3686 publicatis
1038 3612 1143 3671 ibidem
1156 3612 1299 3671 mandatIs
1313 3610 1500 3688 apostolicis¹

295 3731 392 3770 coram
414 3713 538 3772 Prelatis
560 3723 589 3770 et
610 3714 687 3770 clero
709 3715 757 3789 qui
791 3712 831 3769 ibi
865 3723 1069 3784 conuenerant,
1101 3714 1260 3790 auditoque
1292 3714 1371 3789 quod
1406 3715 1481 3774 dnus

227 3873 232 3882 ,
293 3815 358 3873 Rex
381 3823 500 3871 venerat
521 3815 558 3891 de
578 3815 735 3890 Norwegia
756 3815 792 3871 ad
816 3816 940 3876 confinia
961 3815 1053 3891 Regni
1078 3815 1191 3887 Suecie‚
1211 3815 1278 3873 veni
1301 3816 1338 3873 ad
1370 3816 1482 3875 dictum

295 3916 362 3973 dr‘rm
383 3917 493 3991 Regem
515 3925 544 3974 et
566 3916 630 3973 dedi
653 3916 820 3975 ductoribus
842 3915 890 3991 qui
918 3911 963 3973 me
996 3916 1163 3975 direxerunt
1195 3917 1223 3974 in
1256 3917 1305 3974 uie
1327 3945 1368 3954 -
1393 3918 1481 3994 xxvj

294 4037 383 4094 gross.
407 4018 592 4076 Turoneuses
614 4037 679 4074 cum
703 4016 728 4092 j.
751 4017 898 4091 sterlingo.

375 4119 450 4176 Item
471 4119 536 4177 dedi
558 4117 701 4191 hostiarijs
724 4116 809 4174 castri
839 4117 977 4178 Bauahus
1004 4155 1038 4162 —
1061 4120 1120 4195 aij.
1142 4140 1234 4196 gross.
1258 4120 1455 4180 Turonenses.

377 4219 450 4276 Item
480 4220 545 4277 dedi
578 4219 713 4295 vigilibus
743 4216 793 4293 qui
826 4202 953 4276 clamant
984 4240 1071 4296 super
1104 4231 1198 4280 turres
1233 4247 1266 4258 -
1293 4220 1363 4297 aiij.
1386 4241 1481 4300 gross.

294 4320 486 4379 Turonenses.
1179 4379 1184 4388 .

376 4423 459 4480 Item.
483 4423 529 4480 die
552 4421 633 4498 ,νίῇϊα
649 4420 797 4496 Februarij
820 4420 923 4481 recessi
954 4423 990 4479 de
1024 4422 1152 4482 Ludosia
1183 4431 1333 4499 separatus
1366 4443 1385 4481 a
1417 4424 1480 4484 diro
1560 4424 1565 4432 ’

292 4525 373 4600 Rege
396 4544 460 4582 eum
484 4525 544 4582 eius
565 4523 686 4582 licencia
708 4522 854 4580 redeundo
876 4523 905 4579 in
929 4523 1062 4583 Sueciam
1086 4535 1115 4581 et
1144 4525 1210 4581 veni
1240 4525 1336 4584 Scaris
1359 4535 1391 4584 et
1414 4525 1482 4585 dedi

295 4625 407 4683 ductori
430 4654 470 4662 -
493 4625 559 4700 aiij.
581 4643 671 4700 gross.
695 4624 888 4681 Turonenses.

875 4721 929 4784 .xij.
947 4737 1025 4771 marc.
1045 4731 1144 4772 monete
1162 4723 1277 4774 Sueuice.

329 4785 338 4816 ¹
358 4790 390 4840 Η.
408 4797 426 4840 t.
462 4785 524 4855 [ap]
543 4789 648 4840 Summa
665 4790 740 4840 huius
756 4789 847 4854 pagine
874 4790 1018 4907 ,rj.flgrossi
1035 4790 1205 4870 Turonenses.

874 4873 901 4920 .J.
939 4873 1008 4908 oren.
1026 4873 1089 4907 aun.
