3584 5625
924 489 983 547 154

360 674 479 738 exquirit,
498 687 564 723 nunc
582 672 723 722 catholicos
741 685 813 735 reges
832 679 857 720 ct
874 671 999 735 principes
1018 673 1133 737 aliosque
1150 680 1268 737 potantes
1286 675 1374 734 seculi,
1393 680 1422 724 nt
1437 674 1466 724 in
1483 675 1548 725 eius·

360 760 418 808 dem
436 766 502 808 torre
519 758 659 808 subsidium
676 757 777 820 signum
795 756 895 806 uiuific'e
913 756 995 805 crucis
1013 764 1153 818 assumant,
1177 758 1288 809 sollicite
1309 758 1465 818 inducendo,
1483 769 1549 810 nunc

360 844 435 893 etiam
455 844 486 893 de
504 843 577 892 bonis
595 841 774 892 ecelesiasticis
792 840 925 905 copiosum
943 842 1025 890 cidem
1043 851 1108 891 terre
1126 840 1284 905 suffragium,
1308 848 1337 892 ut
1361 851 1449 893 cetera
1465 857 1547 893 sermo

359 935 494 991 pretereat,
512 927 664 976 exhibendo.
699 924 779 975 Nouit
797 926 889 974 etenim
908 927 1030 977 serenitas
1048 926 1126 991 regie,
1144 924 1272 990 quodfel.
1291 929 1389 978 record.
1406 926 1547 990 Gregorius

360 1026 427 1076 pepe
446 1027 480 1059 .x.
499 1012 663 1075 predecessor
681 1016 769 1059 noster
786 1010 818 1059 ed
835 1009 1012 1060 liberationem
1030 1013 1097 1061 dicte
1115 1020 1181 1061 terre
1198 1009 1325 1061 lamentor
1341 1013 1467 1076 aspirans,
1482 1013 1548 1062 deci·

361 1111 415 1157 mas
433 1095 545 1145 omnium
564 1096 793 1145 ecclesiasticorum
811 1103 981 1157 prouentunm
1000 1109 1045 1157 per
1062 1096 1173 1160 spatium
1190 1112 1237 1146 sex
1254 1112 1379 1148 annornm
1390 1097 1548 1161 inhugdnu-

360 1181 413 1230 ensi
432 1180 542 1230 coneilio
560 1188 626 1229 terre
644 1179 757 1229 subsidio
775 1185 914 1228 memorate
932 1180 1064 1239 concessit,
1082 1190 1152 1230 certa
1169 1181 1248 1245 ipsius
1266 1182 1362 1232 decium
1379 1181 1499 1245 portione
1515 1184 1547 1232 ed

360 1265 507 1316 conbanem
525 1265 636 1328 predicte
655 1272 720 1314 terre
738 1258 881 1313 custodiam
909 1265 1039 1327 deputare,
1069 1279 1114 1314 nac
1137 1266 1250 1328 ignores,
1277 1275 1306 1316 nt
1333 1267 1455 1326 creditur,
1481 1266 1548 1329 quod

360 1352 410 1400 iam
428 1349 544 1399 nonnulli
562 1363 596 1398 ex
614 1349 715 1412 regibus
733 1348 824 1412 alijsne
842 1349 960 1412 predictis
978 1348 1085 1398 moleste
1103 1347 1213 1400 ferentes
1230 1351 1270 1401 sui
1287 1351 1469 1402 contumeliam
1480 1365 1548 1401 crea·

360 1434 432 1493 toris,
450 1449 478 1484 se
504 1448 550 1498 per
566 1434 679 1483 eiusdem
696 1432 762 1496 signi
780 1432 969 1497 susceptionem
988 1433 1116 1483 salubrem
1133 1436 1245 1499 insignes
1262 1437 1368 1487 reddere
1385 1444 1547 1487 cureuerunt.

360 1518 426 1570 Cum
444 1520 530 1583 itaque
547 1527 612 1568 terre
630 1519 752 1588 prelibete
770 1518 901 1581 negotium
919 1518 1050 1578 potissime
1074 1517 1184 1569 insideat
1209 1521 1280 1571 cordi
1308 1529 1406 1582 nermo,
1433 1535 1465 1571 ec
1494 1520 1547 1569 eius

360 1606 546 1680 promotionem
564 1604 671 1653 celerem
689 1611 715 1652 et
732 1602 846 1652 uotiuam
863 1603 946 1667 plenis
964 1600 1095 1663 desiderijs
1112 1606 1252 1668 cupiamus,
1265 1605 1442 1656 celsitudinem
1454 1605 1548 1669 regiam

360 1690 500 1751 rogandam
519 1689 638 1738 duximus
656 1694 754 1737 attente
772 1695 797 1736 et
820 1688 983 1746 hortandam,
1008 1688 1126 1751 quatinus
1152 1690 1185 1739 ob
1213 1691 1281 1741 illins
1308 1691 1486 1750 miserentium,
1505 1704 1549 1755 per

361 1788 434 1837 quem
453 1788 552 1836 regnes,
571 1772 707 1821 innumeris
725 1772 776 1821 iam
795 1772 861 1821 dicte
880 1780 945 1821 terre
962 1771 1144 1824 afflictionibus
1162 1781 1189 1824 et
1205 1775 1329 1838 pressuris
1357 1776 1428 1838 regie
1454 1774 1548 1838 pietate

361 1860 525 1921 compatiens,
543 1858 629 1919 tuique
646 1855 743 1906 fauoris
762 1856 908 1920 presidium,
926 1864 955 1906 nt
971 1856 1016 1906 illa
1033 1859 1065 1908 de
1082 1859 1199 1907 menibus
1217 1859 1351 1923 impiorum
1373 1867 1487 1920 eruatur,
1504 1860 1549 1909 im·

361 1945 482 2007 pendens,
499 1957 660 2005 nequaquam
677 1942 799 2005 impedies
817 1956 898 2004 neque
916 1941 1031 2005 impediri
1048 1943 1189 2006 permittas,
1208 1945 1268 2007 quin
1296 1943 1365 1993 dicte
1390 1944 1493 1994 decime
1518 1946 1549 1994 de

362 2042 441 2091 regno
458 2036 503 2077 tuo
520 2027 600 2076 libere
617 2027 768 2076 extrahetur
784 2026 811 2075 in
831 2026 945 2075 eiusdem
971 2034 1037 2075 terre
1065 2027 1212 2087 subsidium,
1239 2029 1379 2078 secuudum
1405 2029 1550 2095 apostolice

361 2113 428 2163 sedis
441 2113 577 2176 ‚arbitrium
595 2112 760 2176 disponenda,
785 2112 821 2160 sic
848 2119 964 2175 prompte
991 2111 1027 2161 sic
1056 2110 1193 2163 efficaciter
1218 2113 1244 2161 in
1273 2113 1420 2163 huiusmodi
1446 2114 1550 2176 segode

361 2197 501 2259 habiturus,
520 2205 548 2247 ut
564 2198 689 2261 premium
707 2196 798 2246 exinde
816 2195 862 2244 tibi
881 2210 913 2244 ex
932 2195 986 2245 alto
1009 2198 1144 2259 proueniat
1167 2206 1193 2247 et
1218 2206 1303 2261 preter
1331 2198 1415 2248 landis
1440 2198 1551 2248 humane

362 2284 508 2348 preconium
526 2282 594 2333 sedis
612 2281 752 2347 apostolice
770 2282 853 2344 gretie
871 2281 940 2329 circe
957 2289 983 2331 te
1000 2296 1053 2331 nou
1081 2274 1184 2344 indigne
1209 2282 1332 2346 suscipiet
1356 2284 1550 2333 incrementum.

362 2368 458 2419 Datum
476 2369 545 2433 apud
562 2366 658 2417 Vrbem
676 2374 787 2416 ueterem
806 2364 858 2428 iiij.
876 2380 959 2415 nonas
977 2365 1063 2429 Mertij
1081 2374 1152 2430 pont.
1171 2368 1251 2418 nostri
1270 2383 1337 2418 anno
1355 2368 1446 2432 primo.

716 2446 1189 2499 (mhwhwmmffimlmdw

752 2640 800 2697 28.
847 2593 939 2698 1282.Ι
978 2641 1035 2699 ede
1056 2640 1158 2700 Marte.

428 2757 555 2806 Martinus
573 2756 707 2820 opiscopus
726 2770 745 2804 s.
764 2770 783 2804 s.
798 2756 822 2803 d.
836 2756 967 2805 carissimo
979 2756 1004 2805 in
1018 2754 1122 2807 Christo
1134 2756 1188 2805 filio
1201 2792 1207 2803 .
1221 2791 1227 2803 .
1241 2756 1293 2819 regi
1306 2755 1441 2819 Norwegie
1454 2756 1548 2807 illustri

363 2845 470 2893 salutem
488 2853 514 2892 et
532 2840 700 2906 apostolicam
718 2840 928 2891 benedictionem.
968 2841 1078 2892 Paterue
1096 2842 1239 2892 dilectionis
1257 2839 1373 2902 affectus,
1392 2855 1443 2904 quo
1467 2852 1492 2893 te
1515 2844 1550 2892 fili

362 2929 544 2993 prosequimur,
562 2933 677 2975 nostrum
695 2925 818 2974 instanter
836 2925 960 2981 sollicitat
977 2927 1096 2985 animum,
1116 2934 1143 2976 ut
1166 2926 1198 2975 ab
1215 2925 1266 2988 hijs
1289 2940 1337 2990 que
1355 2927 1381 2974 in
1399 2934 1443 2976 tue
1461 2928 1551 2977 salutis

362 3013 522 3076 dispendium
539 3019 565 3060 et
580 3009 643 3073 regij
664 3010 855 3072 derogationem
873 3009 978 3060 honoris
1002 3011 1143 3060 redundare
1160 3011 1347 3075 perpendimus,
1378 3019 1403 3060 te
1433 3013 1550 3062 sollicitis

362 3097 454 3161 studijs
472 3110 629 3146 reuocemus.
665 3094 819 3159 Accepimus
837 3094 960 3158 siquidem
978 3109 1024 3143 nec
1043 3094 1173 3154 potuimus
1189 3111 1243 3146 non
1255 3097 1348 3158 mirari,
1357 3097 1427 3160 quod
1436 3097 1468 3147 de
1477 3096 1551 3146 curie

363 3182 432 3244 regia
450 3180 575 3244 generalis
593 3179 769 3245 prohibitionis
788 3179 918 3228 emanauit
935 3180 1055 3239 edictum,
1071 3194 1104 3229 ne
1122 3181 1204 3243 quiuis
1222 3181 1302 3230 laicus
1326 3181 1398 3243 regni
1425 3181 1462 3230 tni
1488 3193 1549 3231 ster-

362 3267 446 3329 lingos
464 3266 505 3314 uel
523 3272 658 3328 argentum
675 3264 745 3313 aliud
762 3264 841 3328 ipsius
859 3263 931 3326 regni
949 3263 1047 3314 clericis
1070 3264 1179 3313 uendere
1205 3264 1385 3329 quoquomodo
1413 3274 1550 3330 presumat.

363 3349 440 3411 Quod
457 3365 490 3399 ex
508 3365 539 3400 eo
556 3348 690 3399 manifeste
709 3349 847 3412 colligitur,
865 3349 934 3411 quod
956 3348 1037 3398 laicus
1063 3364 1121 3398 cnm
1151 3347 1237 3412 aliquo
1264 3363 1298 3397 ex
1327 3349 1421 3400 eisdem
1452 3351 1550 3401 clericis

363 3434 440 3483 telem
457 3434 631 3484 uenditionem
648 3446 769 3483 exercens
787 3433 813 3481 in
830 3440 901 3482 c'erta
923 3435 1027 3498 punitur
1047 3432 1154 3497 pecunie
1179 3435 1327 3497 quantitate.
1372 3433 1439 3485 Cum
1465 3442 1549 3493 eutem

363 3521 496 3568 occasione
514 3518 690 3582 prohibitionis
708 3517 859 3579 huiusmodi,
878 3533 953 3581 quam
971 3525 1064 3567 exacta
1082 3517 1231 3568 deliberatio
1249 3533 1301 3568 non
1324 3521 1454 3583 precessit,
1471 3518 1548 3581 ijdem

363 3603 446 3652 clerici
465 3605 496 3653 ad
515 3603 711 3668 persoluendam
728 3605 753 3652 in
771 3603 879 3668 pecunie
896 3603 939 3652 uel
956 3612 1072 3666 argento,
1101 3602 1167 3652 sicut
1196 3605 1307 3667 expedit,
1335 3604 1460 3653 decimam
1483 3611 1549 3654 terre

363 3694 450 3737 sancte
468 3687 582 3738 snb'sidio
600 3689 747 3752 deputatam
770 3688 909 3737 reddantur
926 3687 1097 3737 uerisimiliter
1122 3674 1284 3751 impotentes,
1311 3696 1337 3737 et
1364 3696 1471 3753 propter
1500 3689 1549 3738 hoc

363 3773 494 3839 potissime
512 3772 570 3822 talis
588 3772 725 3837 probibitio
743 3773 848 3823 honoris
867 3771 929 3835 regij
948 3771 1028 3822 titulis
1042 3773 1190 3834 derogetet
1206 3771 1232 3820 in
1249 3772 1362 3836 predicte
1379 3781 1445 3822 terre
1463 3780 1549 3823 sancte

363 3872 393 3907 sc
411 3857 582 3907 ecclesiastice
600 3857 723 3906 libertatis
742 3856 901 3920 dispendium
919 3864 945 3906 et
962 3856 1029 3920 sedis
1047 3854 1188 3920 apostolice
1205 3855 1325 3926 iniuriam
1339 3866 1366 3907 et
1374 3865 1549 3922 contemptum

363 3944 452 3993 cedere
470 3944 625 4002 dinoscatur,
643 3943 806 3991 serenitatem
823 3941 920 4004 regiam
938 3942 1080 4004 rogandam
1097 3947 1194 3990 attente
1212 3941 1331 3990 dummus
1349 3951 1375 3991 et
1385 3943 1550 4004 hortandam,

362 4035 488 4092 quatenus
504 4026 702 4090 prohibitionem
720 4027 834 4086 eandem,
853 4033 978 4091 quatenns
995 4040 1029 4075 ex
1047 4027 1157 4088 quadam
1175 4033 1203 4075 ut
1221 4026 1332 4075 creditur
1349 4024 1474 4076 facilitate
1491 4042 1549 4090 pro·

363 4113 447 4173 cessit,
466 4120 571 4162 eatenus
589 4110 740 4161 difficultate
765 4111 883 4161 submota
909 4109 1022 4174 qualibet
1047 4126 1093 4174 pro
1112 4112 1179 4160 sedis
1197 4109 1309 4160 eiusdem
1327 4118 1354 4160 at
1370 4118 1461 4160 nostre
1478 4126 1550 4161 rene·

364 4198 446 4246 reutia
463 4197 566 4245 studeas
584 4210 713 4256 reuocare,
730 4196 776 4246 illo
795 4204 819 4245 te
836 4197 861 4246 in
880 4196 928 4244 hac
946 4200 1018 4257 parte
1035 4196 1143 4245 consilio
1162 4195 1302 4259 dirigendo,
1315 4202 1345 4244 nt
1361 4196 1455 4259 regalis
1473 4197 1550 4246 deuo-

364 4283 438 4332 tionis
467 4280 693 4345 promptitudinem
719 4280 852 4344 condignis
878 4279 997 4329 laudibus
1029 4279 1186 4329 attollamus.
1234 4279 1331 4329 Datum
1357 4282 1426 4344 apud
1453 4281 1549 4332 Vrbem

298 4384 299 4394 ¹
364 4373 476 4416 ueterem
495 4364 547 4429 iiij.
565 4379 648 4415 nonas
665 4365 751 4429 Martij
766 4372 842 4430 pout.
859 4365 942 4414 nostri
959 4378 1026 4413 auno
1044 4363 1133 4427 primo.

717 4445 1197 4496 mmmmmmmwmtmwst

760 4623 810 4682 29.
856 4623 945 4680 1282.
990 4621 1065 4680 15de
1086 4621 1157 4680 Mei.

430 4737 558 4788 Martinus
575 4739 709 4804 episcopus
727 4755 746 4788 s.
766 4753 786 4786 s.
805 4738 829 4786 d.
846 4736 985 4787 venerabili
1007 4736 1080 4787 fratri
1103 4773 1110 4785 .
1134 4774 1140 4785 .
1165 4739 1357 4802 archiepiscopo
1382 4736 1551 4799 Nidrosiensi,

364 4821 494 4872 collectori
514 4822 609 4873 decime
626 4823 653 4871 iu
670 4838 750 4886 regno
768 4821 885 4871 Norueie
903 4829 968 4871 terre
995 4828 1083 4871 sancte
1108 4822 1221 4872 subsidio
1244 4823 1372 4887 deputate.
1400 4823 1552 4874 salutemet
