3584 5625
864 489 922 547 139

295 679 320 722 et
337 673 405 735 quod
422 686 468 736 per
486 673 552 725 sedis
570 673 710 735 apostolice
728 672 834 730 litteras,
852 672 893 720 vel
910 672 1054 735 legatorum
1079 673 1159 737 ipsius
1186 681 1259 723 extra
1276 690 1335 723 suas
1363 675 1483 737 dioceses,

295 757 342 805 uisi
360 758 404 807 ille
423 772 470 821 que
488 759 520 807 ab
539 759 626 806 eadem
645 759 704 806 sede
723 758 826 806 obtenta
845 756 946 817 fuerint,
964 758 1065 822 plenam
1084 759 1114 806 de
1132 759 1276 807 huiusmodi
1294 759 1392 809 indulto
1412 775 1487 809 meu·>
1565 786 1568 791 ·

295 842 391 892 tionem
410 842 523 903 iecerint,
541 856 593 892 non
610 843 712 891 valeant
738 842 874 900 conueniri,
900 843 1036 891 dummodo
1064 844 1148 906 parati
1179 843 1292 893 existant
1318 860 1408 893 coram
1431 846 1484 895 suis

296 927 432 989 ordinariis
450 929 481 976 de
500 942 526 975 se
554 928 741 990 querelantibus
763 931 924 993 respondere,
952 943 1014 991 quos
1043 941 1088 991 per
1116 942 1162 976 vos
1189 929 1221 976 ab
1247 928 1279 991 ijs
1308 930 1481 985 ecclesiastiea

297 1026 404 1061 censura
422 1011 523 1061 defendi
542 1020 655 1060 cessante
674 1014 850 1076 appellationis
879 1012 1013 1063 obstaculo
1035 1012 1161 1070 volumus,
1191 1014 1233 1076 qui
1262 1014 1364 1062 eosdem
1395 1023 1484 1063 contra

296 1097 424 1147 indultum
441 1096 585 1147 huiusmodi
605 1098 750 1159 predictaue
779 1099 913 1162 priuilegia
938 1104 963 1145 et
989 1096 1154 1160 protectionis
1180 1105 1266 1146 nostre
1293 1106 1406 1147 tenorem
1429 1114 1485 1163 pre-

297 1182 451 1245 sumpserint
468 1189 562 1231 temere
579 1182 724 1243 molestare,
750 1181 787 1230 ita
813 1189 899 1230 tamen
925 1182 992 1244 quod
1019 1181 1109 1243 aliquis
1128 1189 1237 1231 vestrum
1256 1184 1287 1231 de
1305 1182 1336 1245 ijs
1355 1198 1403 1247 que
1420 1184 1485 1233 iudi-

298 1266 387 1315 cialem
405 1267 552 1328 indaginem
575 1266 734 1329 exigentes
760 1266 885 1315 indultum
912 1266 1077 1329 priuilegiene
1107 1266 1261 1327 huiusmodi,
1290 1282 1334 1316 seu
1363 1282 1484 1331 personae

273 1348 408 1400 =familias
426 1360 451 1399 et
467 1351 536 1401 bona
562 1354 796 1415 crucesignatorum
820 1352 932 1416 ipsorum
957 1365 1010 1398 nou
1039 1350 1199 1413 contingunt,
1228 1367 1254 1401 se
1283 1353 1310 1401 in
1336 1353 1385 1401 bac
1414 1361 1486 1417 parte

298 1433 443 1483 nullatenus
461 1436 638 1486 intromittant.
683 1436 709 1487 si
728 1438 769 1499 qui
788 1450 847 1484 vero
866 1435 927 1484 illuc
945 1435 1160 1498 proficiscentium
1179 1438 1211 1485 ad
1229 1439 1379 1501 prestandas
1397 1453 1486 1488 vsuras

299 1519 442 1568 iuramento
461 1530 579 1571 tenentur
596 1521 702 1580 astricti,
722 1520 858 1570 creditores
879 1534 967 1568 eorum
984 1535 1029 1583 per
1045 1535 1090 1568 ves
1108 1521 1149 1569 vel
1166 1522 1231 1571 alios
1249 1523 1350 1571 sublato
1374 1523 1487 1587 appella-

300 1603 377 1653 tionis
396 1604 529 1656 obstacnlo
548 1607 705 1655 districtione
724 1606 807 1664 simili,
825 1613 852 1653 vt
869 1604 1012 1653 iuramenta
1033 1605 1176 1654 huiusmodi
1203 1607 1302 1669 penitus
1333 1608 1486 1667 relaxantes,

300 1689 331 1737 ab
350 1703 482 1740 usurarum
501 1690 604 1740 ulterius
623 1691 758 1739 exactione
777 1692 907 1740 desistant.
944 1690 970 1741 Si
998 1700 1081 1740 autem
1109 1691 1240 1753 quisquam
1266 1694 1417 1742 creditorum
1444 1708 1487 1743 eos

301 1775 331 1823 ad
351 1774 506 1824 solutionem
524 1777 637 1836 coegerit
653 1790 794 1831 usurarum,
811 1776 893 1839 ipsum
913 1776 944 1824 ad
962 1776 1148 1825 restitutionem
1167 1790 1254 1826 earum
1278 1779 1365 1827 eadem
1389 1777 1487 1827 distric-

301 1859 370 1909 tione
389 1861 491 1909 sublato
509 1860 686 1924 appellationis
705 1859 838 1909 obstaculo
856 1860 1023 1922 compellatis.
1061 1861 1153 1909 ledeos
1166 1875 1265 1924 qnoque
1279 1863 1311 1911 ad
1324 1864 1487 1913 remittendas

301 1943 362 2009 ipsis
379 1959 469 1994 usurae
488 1959 532 2009 per
549 1944 687 1994 secularem
707 1943 823 2007 compelli
841 1947 999 2009 precepimus
1017 1953 1177 2009 potestatem,
1196 1953 1221 1994 et
1238 1946 1319 1995 donec
1345 1961 1388 1995 eas
1414 1947 1488 1995 remi·

302 2031 380 2079 serint
398 2030 430 2078 ab
449 2029 565 2078 omnibus
585 2028 678 2079 Christi
696 2029 813 2078 fidelibus
832 2038 882 2079 tarn
902 2030 926 2078 in
945 2029 1119 2091 mercimouijs
1138 2042 1212 2091 quam
1231 2029 1289 2091 alije
1308 2032 1354 2079 sub
1380 2045 1488 2081 excom-

303 2114 483 2164 municationis
502 2103 578 2178 pena'
593 2115 708 2164 iubemus
731 2115 934 2165 communionem
960 2116 1010 2164 illis
1037 2115 1209 2165 omnimodam
1236 2116 1361 2178 denegari.
1408 2117 1488 2167 Porro

302 2200 334 2249 ed
352 2199 495 2248 huiusmodi
514 2200 585 2248 ardui
604 2209 629 2249 et
647 2199 753 2249 salubris
772 2199 866 2262 negotij
886 2200 1028 2249 efficaciam
1046 2201 1193 2264 pleniorem,
1219 2209 1247 2249 vt
1274 2216 1319 2250 vos
1345 2216 1488 2251 conuocare

302 2284 403 2347 possitis
427 2284 508 2333 cleros
526 2293 552 2334 et
569 2284 677 2349 populos
695 2286 729 2334 ad
746 2298 919 2348 quemcunque
944 2283 1074 2333 volueritis
1098 2285 1181 2334 locum
1207 2286 1335 2346 idoneum,
1353 2296 1379 2335 et
1395 2287 1489 2335 ibidem

302 2368 406 2417 verbum
431 2370 513 2419 crucis
538 2385 689 2434 proponere,
707 2385 737 2419 ac
755 2370 870 2419 fidelibus
889 2385 947 2419 vere
964 2370 1134 2452 peniteqtibns
1152 2379 1177 2419 et
1200 2370 1321 2420 confessis
1347 2372 1380 2420 ad
1406 2371 1505 2435 predi-¹

290 2455 431 2503 rationem
448 2454 593 2503 huiusmodi
620 2456 836 2513 conuenientibus,
861 2455 990 2519 ipsamque
1018 2454 1178 2503 audientibus
1205 2465 1357 2511 reuerenter,
1388 2465 1489 2505 centnm

305 2540 356 2589 dies
375 2540 406 2587 de
423 2538 542 2588 iniunctis
560 2539 596 2587 eis
614 2540 759 2603 penitentijs
778 2540 902 2589 relaxare.
923 2541 1048 2603 quodque,
1067 2541 1137 2589 vobis
1164 2547 1190 2588 et
1214 2540 1304 2588 vestris
1333 2539 1437 2603 familijs
1463 2541 1490 2589 in

305 2624 418 2673 ecclesiis
441 2623 615 2674 ecclesiastico
638 2626 771 2674 interdicto
790 2625 938 2689 suppositis,
957 2625 1183 2674 excommnnicatis
1202 2632 1227 2674 et
1243 2625 1383 2676 interdictis
1401 2628 1489 2676 exclu-

305 2710 347 2768 sis,
366 2722 420 2757 non
436 2708 543 2773 pulsatis
562 2710 699 2772 campanis,
717 2724 780 2759 voce
803 2709 937 2768 submissa,
964 2718 990 2758 et
1016 2711 1096 2758 ianuis
1127 2710 1219 2759 clausis
1246 2709 1331 2759 diuina
1361 2711 1489 2761 celebrare

306 2792 391 2846 officia
409 2802 435 2844 et
451 2791 534 2843 iacere
553 2794 682 2856 celebrari,
700 2810 730 2844 ac
759 2796 859 2860 populis
886 2809 1029 2860 proponere
1059 2795 1161 2844 verbum
1189 2795 1278 2856 crucia,
1304 2804 1380 2860 atque
1408 2797 1489 2847 crucis

305 2879 450 2930 charactere
467 2879 600 2942 insignitos
618 2880 650 2929 ab
669 2881 933 2931 excommunicatione
950 2896 1026 2945 quam
1043 2896 1088 2945 pro
1106 2895 1147 2939 eo,
1167 2882 1236 2943 quod
1260 2882 1423 2946 sepulchrum
1441 2882 1487 2931 do-

304 2965 424 3015 minicum
449 2973 539 3015 centra
567 2966 763 3029 prohibitionem
789 2966 934 3030 legatorum
960 2966 1026 3016 sedis
1053 2966 1192 3029 apostolice
1219 2966 1361 3026 visitarunt,
1388 2967 1489 3016 stilles

305 3052 381 3100 etiam
400 3050 442 3114 qui
460 3065 516 3100 eam
531 3065 577 3114 pro
596 3065 630 3112 eo,
645 3052 712 3114 quod
731 3051 877 3102 Sarracenis
894 3067 990 3100 merces
1008 3059 1182 3115 portauerant,
1212 3063 1238 3100 et
1263 3066 1334 3100 arma
1363 3066 1408 3101 seu
1437 3051 1489 3101 alia

305 3137 433 3200 prohibita
450 3135 490 3185 vel
509 3136 604 3185 eisdem
622 3145 710 3185 contra
737 3135 895 3186 Christianos
922 3137 1099 3199 impenderunt
1128 3135 1260 3197 auxilium,
1290 3136 1423 3185 consilium
1448 3136 1490 3186 vel

305 3219 432 3280 fanorum,
451 3222 587 3270 dummodo
604 3222 723 3284 quicquid
740 3235 773 3269 ex
791 3220 937 3270 huiusmodi
961 3222 1081 3269 damnato
1107 3221 1264 3284 acquisierere
1287 3222 1446 3282 commercio,
1465 3229 1491 3270 et

306 3306 373 3356 aliud
393 3307 550 3356 tantumdem
569 3308 599 3355 de
618 3306 669 3355 suis
697 3306 861 3355 facultatibus
885 3306 912 3354 in
939 3307 1055 3354 manibus
1083 3305 1174 3354 restris
1203 3306 1341 3373 assignent,
1371 3307 1397 3355 iu
1422 3314 1489 3356 terte

305 3392 415 3455 predicte
434 3393 574 3441 subsidium
592 3392 798 3448 concertandum,
817 3405 863 3439 nec
881 3405 931 3440 non
951 3400 1002 3440 tam
1021 3391 1126 3440 clericos
1153 3405 1228 3453 quam
1254 3390 1333 3440 laicos
1363 3390 1490 3454 crucesig-

305 3477 411 3539 nandos,
429 3477 472 3541 qui
490 3492 535 3542 pro
553 3478 665 3526 violenta
682 3476 818 3525 iniectione
836 3492 957 3525 manuum
975 3478 999 3525 in
1017 3476 1123 3524 clericos
1141 3476 1267 3525 seculares
1290 3476 1405 3539 virosque
1432 3475 1489 3524 reli-

306 3562 401 3626 giosos,
420 3563 459 3612 vel
477 3578 522 3629 pro
539 3563 656 3612 incendio
674 3577 719 3611 seu
738 3562 871 3626 sacrilegio
890 3563 1032 3611 inciderunt
1050 3561 1075 3609 iu
1094 3574 1217 3609 canonem
1235 3560 1360 3609 sententie
1379 3561 1491 3624 promul·

306 3656 371 3712 gete,
390 3648 524 3697 absoluere
542 3648 616 3697 iuxta
634 3646 741 3696 formam
759 3648 864 3697 ecclesie
883 3647 936 3695 vice
962 3654 1057 3705 nostra,
1075 3644 1124 3693 illis
1149 3644 1271 3708 exceptis,
1289 3659 1397 3708 quorum
1415 3643 1492 3694 fuerit

305 3747 425 3783 excessus
444 3731 553 3782 difficilis
573 3741 598 3781 et
616 3732 734 3791 enormis,
753 3740 853 3781 etcum
879 3732 978 3781 clericis
1000 3729 1191 3793 crucesignatis,
1210 3730 1327 3796 quicum
1346 3746 1492 3780 excommu-

305 3819 439 3869 nicationis
458 3819 610 3867 senteutiam
627 3818 740 3866 latama
764 3832 862 3866 canone
888 3817 928 3873 vel
955 3817 986 3865 ab
1012 3817 1116 3865 homine
1140 3815 1314 3889 incurrissent,
1343 3830 1370 3865 se
1400 3815 1491 3864 diuinis

304 3903 495 3953 immiscuerunt
513 3901 605 3965 officijs
623 3911 648 3951 et
666 3911 814 3965 receperunt
831 3904 932 3951 ordines
958 3903 995 3954 sic
1017 3901 1097 3963 ligati,
1125 3898 1261 3949 dummodo
1291 3901 1372 3964 passis
1399 3902 1492 3949 damna

306 3988 346 4037 vel
362 3989 467 4038 iniurias
486 3986 645 4037 satisfaciant
662 3996 842 4051 competenter,
861 3994 887 4037 et
904 3989 1032 4049 negotium
1051 3986 1194 4035 huiusmodi
1219 3986 1244 4034 in
1272 3985 1382 4050 proprijs
1405 4001 1492 4050 prose·

306 4081 416 4138 quantur
439 4073 561 4137 personis,
579 4073 620 4121 rel
637 4073 670 4121 ad
688 4073 737 4121 hoc
756 4074 875 4136 expensis
894 4073 945 4121 suis
963 4073 1069 4120 idoncos
1086 4071 1223 4119 bellatores
1251 4073 1433 4132 transmittant,
1451 4072 1493 4121 vel

307 4159 427 4209 debonis
445 4157 553 4222 proprijs
572 4158 645 4207 iuxta
663 4158 728 4206 idem
749 4157 880 4206 arbitrium
899 4158 1002 4220 aliquod
1021 4157 1168 4219 impendant
1186 4156 1493 4220 subsidium,dispensare

306 4244 407 4308 possitis
426 4243 576 4293 auctoritate
595 4243 744 4306 apostoliea,
761 4242 834 4291 vobis
861 4244 980 4292 duximus
999 4242 1195 4289 concedendum.
1233 4241 1360 4289 Praeterea
1380 4241 1493 4290 nonnulli

305 4328 388 4378 clerici
402 4335 433 4379 et
450 4329 509 4378 laici
526 4342 577 4377 non
594 4328 693 4376 ratione
720 4327 884 4376 ecclesiarum
911 4328 1015 4391 pacifice
1039 4334 1064 4374 et
1088 4325 1141 4373 sine
1166 4325 1349 4383 controuersia,
1370 4326 1493 4389 quasdam

307 4413 423 4463 dieantur
441 4414 550 4463 decimae
568 4397 705 4477 ¹possidere,
725 4414 791 4476 quod
811 4414 880 4462 vobis
899 4415 932 4461 sit
949 4411 1065 4460 liberium
1083 4411 1113 4459 de
1132 4409 1255 4459 fructibus
1274 4412 1412 4460 earundem
1439 4423 1494 4473 per-

308 4499 385 4563 ceptis
404 4501 526 4549 hacteuus
546 4499 639 4547 eisdem
658 4498 756 4546 clericis
775 4506 800 4547 et
818 4497 890 4546 laicis
910 4499 1036 4547 dimittere
1052 4496 1165 4560 quintam
1182 4503 1279 4560 partem
1309 4496 1407 4546 eisdem
1433 4510 1494 4544 con·

308 4584 403 4643 cedere,
423 4584 489 4646 quod
507 4582 635 4632 residuum
654 4581 782 4631 fructuum
800 4584 938 4632 eorundem
961 4583 987 4631 in
1010 4581 1152 4645 predictum
1178 4587 1327 4629 conuertere
1353 4581 1495 4630 subsidium

308 4683 352 4732 per
368 4669 452 4731 seipos
471 4668 511 4716 vel
528 4668 600 4716 vobis
621 4668 642 4715 si
660 4667 787 4716 voluerint
805 4669 926 4716 exhihere
943 4668 968 4715 in
985 4667 1053 4716 idem
1077 4665 1207 4729 negotium
1230 4668 1441 4726 conuertendum,
1460 4667 1496 4714 ita
1549 4651 1551 4657 ’

309 4753 373 4815 quod
390 4752 439 4816 ipsi
456 4752 488 4801 ad
506 4752 693 4801 restitutionem
711 4753 788 4801 aliam
807 4754 837 4801 de
861 4753 989 4816 premissis
1017 4753 1134 4802 omnibus
1160 4750 1261 4799 minime
1288 4759 1433 4811 teneantur,
1451 4751 1497 4798 sed

308 4835 364 4886 inde
382 4844 503 4886 maneant
520 4839 619 4901 penitus
638 4837 762 4897 absoluti3
781 4838 919 4886 dummodo
938 4837 1048 4886 decimae
1075 4837 1143 4902 ipsas
1168 4834 1281 4898 ecclesijs
1309 4835 1441 4885 dimittant
1468 4833 1495 4882 in
