3584 5625
859 482 917 541 107

422 769 498 828 dicto
520 769 648 828 subsidio
670 777 851 844 receptorum
873 772 903 828 in
920 773 1021 848 Regno
1049 770 1097 828 ix.
1120 771 1184 828 den.
1204 788 1294 846 gross.
1326 771 1479 830 Turonen-

422 870 525 931 Suceie
547 871 584 928 ad
606 890 721 947 grossos
742 872 926 931 reductorum
1048 871 1130 930 sium.

229 695 233 699 ·
423 666 543 727 Summa
565 667 752 743 pecuniarum
784 676 813 728 ct
843 670 956 745 argenti
986 669 1022 728 de
1049 669 1161 745 niuja
1174 669 1237 728 libr.
1260 668 1347 744 ‚xviii
1369 670 1420 729 sol.
1450 676 1480 728 et

296 764 365 846 [erl
399 677 414 939 ξ

379 1056 454 1115 Item
475 1056 604 1132 Recepte
626 1056 662 1114 de
684 1057 783 1115 eodem
806 1059 934 1119 subsidio
956 1060 985 1118 in
1006 1059 1110 1135 Regno
1120 1058 1277 1135 Norwegie
1288 1057 1374 1135 xviij.
1393 1078 1480 1117 marc.

296 1156 409 1235 argenti
429 1156 565 1233 ponderis
585 1157 725 1216 Noricani
747 1171 922 1220 commutate
942 1161 1056 1220 luerunt
1077 1180 1130 1238 pro
1156 1188 1190 1198 -
1215 1160 1260 1237 .iij.
1282 1160 1346 1219 libr.
1368 1168 1397 1218 et
1424 1160 1481 1235 ‚xij.

295 1260 349 1320 sol.
371 1278 462 1337 gross.
484 1259 705 1318 Turonensium.
740 1264 936 1339 computando
968 1281 1095 1322 marcam
1118 1262 1229 1338 argenti
1250 1282 1304 1339 pro
1326 1264 1395 1342 ‚iiiju
1428 1266 1481 1325 sol.
1560 1242 1563 1260 ¹

295 1380 389 1439 gross.
412 1360 634 1419 Turonensium.

426 1531 546 1591 Summa
578 1530 690 1606 argenti
723 1532 759 1590 de
790 1531 867 1593 dicto
903 1533 1030 1593 subsidio
1138 1584 1144 1599 ,
1290 1586 1307 1602 ..

298 1628 368 1709 [ap]
425 1628 534 1705 recepti
565 1630 594 1689 in
624 1632 703 1690 dicto
737 1634 840 1710 Regno
873 1635 1031 1713 Nomegie
1058 1605 1104 1659 ·¹¹J·
1126 1585 1187 1643 llbr·
1210 1595 1239 1644 ⁰I
1259 1587 1482 1665 ·¹¹J·⁸⁰l·lil⁰⁸⁸·

425 1732 462 1790 ad
482 1750 597 1808 grossos
619 1733 730 1792 reducti
1059 1686 1281 1748 Turonensrum

379 1817 394 1842 ἱ

426 1901 546 1963 Summe
571 1920 749 1961 summarum
781 1903 969 1980 pecuniarum
1004 1913 1032 1964 et
1496 1895 1581 1943 (θ’-η’·

426 2002 537 2079 argenti
559 2002 693 2061 dedicta
714 2005 841 2065 subsidio
871 2005 969 2065 oblato
1003 2006 1032 2066 in
1061 2009 1169 2086 .xxviij.
1192 2009 1254 2071 libr.
1278 2030 1343 2070 cum
1367 2011 1484 2070 dimidia

302 2102 370 2184 [ap]
427 2104 511 2162 dictis
538 2104 647 2180 Regnis
679 2102 784 2164 Suecie
816 2117 844 2165 et
875 2108 1032 2185 Norwegie
1059 2120 1088 2170 et
1109 2113 1156 2171 ix.
1178 2113 1242 2171 deu.
1261 2133 1351 2190 gross.
1369 2115 1483 2172 Turon-

426 2214 608 2283 receptorum
630 2206 668 2265 ad
700 2225 815 2283 grossos
848 2211 1033 2271 Turonensca
1059 2214 1178 2273 ensium.

319 2279 358 2382 ὁ
427 2308 613 2366 reductorum

385 2516 459 2574 Item
483 2513 612 2589 Recepte
633 2510 748 2571 luerunt
769 2514 805 2572 de
827 2514 930 2591 legatis
950 2514 1034 2575 factis
1053 2516 1082 2574 in
1103 2519 1263 2579 subsidium
1285 2528 1360 2580 terre
1385 2528 1485 2580 sancte

302 2622 332 2681 in
352 2620 454 2695 Regno
475 2614 569 2674 Dacie
595 2642 627 2652 -
653 2615 761 2690 axviij.
780 2616 832 2676 sol.
854 2636 947 2693 gross.
966 2618 1188 2680 Turonensium.

385 2720 459 2777 Item
481 2716 610 2792 Recepte
632 2716 668 2775 de
690 2718 796 2776 eisdem
818 2719 924 2795 legatis
945 2720 974 2779 in
997 2722 1097 2781 eodem
1119 2723 1325 2801 RegnoDacie
1346 2743 1404 2781 .xx.
1420 2723 1485 2783 libr.

302 2823 511 2900 Sterlingorum
532 2825 705 2877 commutate
727 2819 841 2879 luerunt
863 2842 917 2899 pro
944 2851 973 2861 -
1002 2825 1046 2900 .vj.
1079 2826 1142 2884 libr.
1174 2824 1234 2900 xiij.
1268 2825 1321 2884 sol.
1355 2834 1384 2884 et
1416 2826 1486 2903 tiijs

302 2927 365 2985 den.
387 2945 478 3003 grues.
501 2924 722 2984 Turonensium.
746 2925 941 3001 computando
963 2925 1009 3002 iij.
1041 2927 1103 2986 libr.
1136 2927 1338 3004 sterlingorum
1369 2947 1422 3004 pro
1454 2927 1481 3004 .j.

302 3028 363 3088 libr.
385 3047 558 3105 grossorum.

385 3129 460 3188 Item
481 3130 609 3208 Recepte
631 3132 667 3190 dc
689 3130 773 3190 dictis
794 3129 899 3205 legatis
920 3128 949 3186 in
971 3128 1048 3188 dicto
1070 3130 1172 3208 Regno
1193 3129 1295 3190 Dacie.
1318 3157 1359 3169 -·
1383 3128 1407 3204 .j.
1426 3129 1485 3188 iru-

304 3239 378 3292 stum
398 3232 461 3291 auri
483 3233 617 3309 ponderis
639 3232 704 3309 .viij.
726 3233 909 3291 florenorum.

388 3423 509 3486 Summa
539 3419 650 3497 argenti
678 3418 789 3495 recepti
811 3418 848 3476 de
866 3417 971 3493 legatis
992 3437 1056 3494 pre·
1084 3419 1150 3495 .vin.
1172 3418 1237 3478 libr.
1258 3428 1287 3479 et
1322 3420 1389 3497 .xvj.
1420 3422 1485 3481 den.

307 3527 390 3587 dictis
411 3526 441 3585 in
461 3525 558 3584 Dacia
579 3522 752 3598 adgressos
773 3519 884 3578 reducti
1085 3540 1175 3598 gross.
1198 3522 1423 3583 Turonensium.

388 3730 508 3791 Summa
528 3755 570 3766 -
592 3725 655 3784 auri
677 3725 712 3782 de
734 3723 841 3782 eisdem
862 3721 966 3799 legatIs
987 3726 1096 3801 recepti
1117 3725 1148 3783 in
1179 3725 1275 3785 Dacia
1307 3727 1333 3802 .j.
1366 3725 1487 3787 frustum

307 3832 370 3892 auri
391 3831 526 3909 ponderis
548 3828 613 3904 .viij.
635 3828 816 3885 florenorum.

387 4035 459 4093 Item
481 4034 610 4109 Recepte
632 4031 668 4089 de
689 4028 774 4088 dictis
794 4028 897 4104 legatis
917 4027 946 4085 in
959 4027 1124 4089 Subsidium
1146 4040 1222 4089 terre
1241 4040 1341 4091 sancte
1360 4031 1444 4091 factis
1458 4031 1585 4091 inmune

305 4139 406 4215 Regno
427 4136 532 4198 Suecie
554 4134 601 4192 .xl.
623 4151 710 4190 marc.
733 4139 762 4189 et
793 4129 838 4205 iij.
872 4150 913 4189 or.
948 4131 1059 4207 argenti
1091 4134 1228 4209 ponderis
1261 4133 1489 4195 Stokholmenais

307 4247 480 4300 commutate
502 4237 617 4295 fuerunt
638 4254 691 4311 pro
711 4264 752 4277 -
774 4234 840 4310 ‚viij.
862 4235 926 4292 libr.
950 4242 978 4291 et
999 4233 1070 4309 .iiij⁰.¹
1083 4235 1135 4293 sol.
1156 4254 1185 4293 x.
1197 4237 1260 4293 den.
1271 4254 1361 4312 gross.
1374 4236 1489 4294 Turon-

308 4340 423 4401 ensium.
458 4339 653 4416 computando
674 4357 802 4398 marcam
824 4337 935 4412 argenti
970 4355 1023 4412 pro
1045 4336 1115 4413 ,iiij‘r
1139 4336 1191 4396 sol.
1214 4345 1243 4395 et
1263 4336 1289 4413 .j.
1312 4338 1376 4396 den.
1398 4356 1490 4414 gross.

308 4442 527 4503 Turonensium.
1502 4445 1505 4449 ’

390 4546 463 4603 Item
485 4544 614 4619 Recepte
635 4541 750 4600 luerunt
772 4540 807 4597 de
830 4539 937 4597 eisdem
960 4539 1062 4616 legatis
1084 4541 1114 4598 in
1135 4541 1236 4599 eodem
1258 4541 1360 4617 Regno
1378 4540 1490 4602 Suecie.

311 4674 344 4686 ·-
371 4644 442 4721 ,iiijc
454 4645 526 4704 libre
549 4653 578 4702 et
599 4643 645 4719 .xj.
667 4642 719 4701 sol.
742 4659 831 4717 gross.
854 4640 1076 4700 Turonensium.
1493 4657 1495 4661 ·

390 4748 464 4806 Item
485 4747 614 4822 Recepte
637 4746 672 4803 dc
693 4745 797 4823 legatIs
816 4747 953 4823 predictis
974 4745 1004 4803 in
1024 4743 1101 4803 dicto
1128 4746 1232 4821 Regno
1266 4744 1371 4806 Suecie
1404 4741 1491 4819 .xxvj.

308 4868 404 4909 marce
425 4858 540 4908 monete
562 4847 696 4921 Sueuice,
718 4857 892 4908 commutate
912 4848 1028 4908 luerunt
1048 4864 1102 4923 pro
1133 4872 1166 4884 ·-
1204 4845 1292 4922 .xxiij.
1326 4846 1378 4907 sol.
1399 4864 1490 4921 grass.
