3584 5625
401 708 483 785 Hec
515 721 599 787 suet
629 707 794 811 Recepte
828 709 968 788 decime
999 712 1206 789 sexennalis
1237 715 1344 817 regej
1376 713 1543 792 Swecie.

865 873 1070 968 Vpsalensis.

376 1032 481 1103 [attende
489 1040 553 1105 qued
558 1038 682 1091 iaSreecia
691 1050 784 1091 menete
789 1058 874 1105 parua
882 1042 1292 1109 mnponderuturudcemputatur.
1298 1046 1349 1110 evj.
1357 1044 1400 1111 aet
1405 1039 1567 1111 promercal.

458 1180 582 1238 Decima
603 1180 731 1238 ciuitatis
752 1190 781 1238 et
803 1180 1107 1259 dioceeieVpsaleesis
1128 1184 1255 1243 aseendit
1278 1185 1313 1241 de
1335 1204 1387 1243 sex
1408 1184 1499 1243 annia
1527 1186 1568 1243 ad

374 1381 486 1443 Sweeie
509 1393 537 1441 et
561 1383 597 1458 .ij.
622 1402 687 1440 oras
710 1384 785 1441 dicte
805 1402 896 1459 parue
919 1394 1041 1443 monete.
1075 1405 1132 1461 que
1154 1387 1271 1462 quidem
1304 1387 1417 1445 decima
1439 1387 1567 1447 collecta

373 1483 474 1553 luerat,
496 1494 524 1541 et
544 1484 671 1559 reposita
691 1483 721 1540 in
742 1484 873 1543 sacristia
894 1485 1016 1544 ecclesie
1037 1473 1224 1563 Vpsalensia
1250 1497 1279 1546 et
1311 1490 1348 1546 de
1370 1488 1490 1546 consilio
1513 1490 1564 1565 dnj
1627 1477 1631 1483 ⁴

374 1586 583 1662 archiepiscopi
605 1585 683 1643 dicta
703 1586 826 1661 pecunia
847 1596 1024 1645 commutata
1044 1588 1097 1645 luit
1130 1607 1183 1664 per
1215 1598 1435 1648 conseruatores
1470 1566 1564 1667 ipsius

373 1688 495 1763 pecunie
517 1688 546 1744 in
568 1696 728 1763 argentum.
751 1687 832 1746 cuins
854 1689 966 1764 argenti
989 1689 1116 1749 Summa.
1139 1688 1192 1747 luit
1212 1690 1271 1766 ,vije
1291 1691 1353 1748 lxx.
1375 1692 1492 1748 marche
1514 1712 1563 1750 ar·

371 1788 450 1864 genti
472 1789 623 1865 ponderati
642 1790 680 1847 ad
701 1790 815 1865 pondus
837 1789 873 1847 de
884 1787 1039 1850 Stocolmis
1049 1810 1099 1850 seu
1112 1792 1149 1849 ad
1160 1793 1275 1868 pondus
1285 1792 1457 1867 Vpsalense.
1481 1795 1562 1870 qued

372 1891 486 1965 pondus
508 1901 551 1948 est
572 1890 657 1948 idem.
712 1923 721 1940 ·

456 1993 545 2049 Anne
566 1991 614 2066 dnj
637 1991 788 2050 millesimo
810 2000 882 2051 .cce⁰.
903 1992 1007 2069 xrviij⁰¹
1031 2002 1068 2076 et
1082 1993 1139 2069 viij.
1158 1994 1203 2052 die
1226 1994 1331 2053 mensis
1352 1993 1478 2072 Ianuarij
1499 1997 1559 2055 Re-

372 2094 500 2169 cepimus
520 2112 573 2151 noe
594 2092 682 2150 frater
702 2093 847 2152 Iohannes
869 2092 905 2151 de
927 2092 1037 2153 Serene
1058 2106 1087 2153 et
1108 2096 1143 2153 B.
1162 2096 1197 2153 de
1210 2095 1320 2155 Ortelis
1341 2115 1360 2153 a
1382 2096 1440 2155 dr‘re
1462 2098 1558 2156 archi-

371 2195 508 2270 episcope
530 2194 686 2270 Vpsalensi
706 2195 742 2251 de
764 2194 876 2252 decima
897 2194 1045 2253 sexennali
1066 2195 1127 2272 rije
1155 2197 1217 2255 lxx.
1245 2216 1359 2254 marces
1385 2197 1496 2273 argeutj
1520 2200 1560 2256 ad

371 2296 485 2371 pondus
507 2293 716 2354 deStecelmis.
738 2312 794 2369 que
816 2295 877 2371 ‚vije
899 2296 960 2353 lxx.
981 2296 1097 2352 marche
1118 2298 1237 2373 ergentj.
1261 2298 1377 2356 luerunt
1388 2308 1560 2375 computate

371 2396 499 2471 quelibet
521 2398 618 2454 marca
639 2394 758 2470 argentj.
769 2415 823 2473 pre
835 2417 869 2454 .v.
882 2396 1005 2454 marchis
1017 2398 1174 2456 numeratis
1191 2419 1282 2475 parua
1301 2396 1423 2474 pecunie
1435 2396 1559 2458 Swecie.

371 2498 464 2556 minus
486 2517 539 2574 pre
558 2507 620 2555 teta
640 2516 751 2554 summa
773 2497 850 2572 .xvij.
873 2498 998 2555 marchis
1019 2517 1055 2554 .v.
1078 2498 1438 2575 denarijsparuemenete
1459 2518 1558 2557 assen-

371 2599 414 2656 dit
435 2600 542 2657 dictum
564 2607 724 2673 argentum.
745 2599 782 2656 ad
805 2617 946 2657 summum
967 2598 1023 2673 rije
1038 2598 1102 2677 viija
1123 2600 1214 2676 xxxij.
1236 2620 1348 2659 marcas
1382 2610 1411 2657 et
1432 2599 1469 2675 ij.
1491 2620 1561 2661 eras

371 2712 536 2760 numeratas
558 2701 595 2757 ad
618 2700 733 2757 medum
756 2698 879 2760 Swecie.
923 2698 1043 2761 *silicet
1065 2703 1261 2777 computande
1283 2701 1351 2776 .xvj.
1372 2701 1480 2760 solides
1504 2722 1560 2778 pre

372 2821 470 2862 marca
491 2801 629 2879 qualibet

454 3004 566 3062 Habuit
588 3005 641 3061 d1‘1s
662 3023 715 3061 rex
735 3004 892 3078 Nerwegie
915 3004 1097 3063 medietatem
1120 3004 1191 3062 dicti
1212 3004 1332 3079 argentj.
1349 3006 1483 3065 videlicet
1505 3007 1560 3083 ‚iije

371 3104 480 3163 lxxxv.
501 3124 614 3164 marces
636 3105 755 3180 argenti.
779 3105 817 3162 ad
839 3105 948 3162 dictum
968 3107 1082 3180 pondus
1106 3107 1142 3164 de
1164 3106 1327 3166 Stocolmis.

453 3307 606 3383 Reliquam
641 3326 709 3364 vero
742 3308 925 3366 medietatem
958 3308 1128 3367 retinuimus
1161 3327 1214 3384 pro
1246 3319 1329 3384 parte
1360 3327 1475 3366 camere
1507 3309 1557 3383 dr‘rj

368 3428 444 3483 pape
466 3408 601 3467 videlicet
621 3406 672 3481 ‚rije
694 3408 793 3467 lxxxv.
819 3429 932 3468 marcas
964 3410 1074 3486 argentj
1108 3411 1145 3467 ad
1177 3411 1292 3486 pondus
1324 3409 1360 3466 de
1390 3410 1555 3470 Stocolmis.

370 3507 484 3567 luerunt
505 3519 672 3584 computate
693 3529 746 3585 pro
769 3530 805 3568 m.
827 3513 980 3587 nongentis
1002 3511 1067 3586 avj.
1090 3512 1195 3570 marcis
1217 3522 1246 3568 et
1267 3531 1324 3568 vna
1336 3530 1388 3568 era
1400 3513 1557 3570 numeratis
1636 3527 1640 3534 ·

372 3611 548 3668 admodum
570 3610 691 3670 Sweeie.

285 3868 286 3875 ἵ
374 3790 443 3872 [ep]
530 3796 649 3856 Summa
670 3798 776 3874 pagine
799 3799 834 3856 de
854 3800 979 3876 receptis
1000 3818 1053 3875 pre
1071 3817 1186 3857 camera
1200 3826 1234 3836 -
1249 3797 1302 3874 rije
1328 3798 1429 3856 lxxxv.
1441 3801 1557 3858 marche

466 3880 575 3957 argentj
599 3882 636 3940 ad
658 3883 771 3958 pondus
793 3884 828 3942 de
851 3883 1013 3945 Stocolmis.

264 4144 373 4221 eme..
843 4151 1090 4242 Stringinensis

380 4360 396 4387 .
454 4322 578 4380 Decime
600 4323 783 4400 episcopatus
805 4325 1008 4401 Stringinensis
1028 4324 1156 4384 aseendit
1177 4324 1214 4380 de
1234 4342 1287 4381 sex
1304 4321 1394 4381 annis.
1417 4323 1455 4381 ad
1478 4324 1556 4382 mille

371 4525 423 4584 cie.
446 4545 503 4601 que
524 4525 650 4600 pecunia
671 4525 781 4584 decime
803 4527 926 4585 collecta
947 4537 976 4584 et
995 4535 1114 4602 recepta
1135 4527 1228 4585 luerat
1244 4526 1274 4583 in
1289 4525 1421 4584 sacristia
1433 4527 1555 4585 ecclesie

370 4626 568 4702 stringinensis
589 4637 618 4684 et
639 4627 770 4702 Recepta
791 4648 843 4704 per
864 4647 918 4687 nes
938 4627 1055 4684 fratrem
1074 4627 1238 4685 Jehannem
1261 4627 1298 4686 de
1317 4626 1427 4687 Serene
1460 4637 1488 4684 et
1519 4628 1554 4685 B.

306 4778 311 4787 .
370 4728 406 4786 de
428 4726 538 4788 Ortelie
558 4745 577 4784 a
599 4726 657 4784 diro
679 4727 815 4804 episcopo
838 4728 1028 4804 Stringinensi
1047 4729 1077 4785 in
1098 4727 1215 4786 modum
1237 4728 1288 4804 qui
1309 4727 1447 4803 sequitur.
