3584 5625
869 503 924 560 ¹01

363 685 458 747 ‘Item
479 706 555 746 anno
576 687 626 746 dui
647 696 697 746 .m⁰.
719 694 782 746 ooct
804 688 919 764 xxxiiijt
939 689 986 748 die
1007 691 1098 749 tercia
1118 691 1223 750 mensis
1250 691 1340 768 Junij.
1373 692 1481 770 Recepi

301 807 320 846 a
341 788 399 847 diro
420 788 508 848 Erico
531 789 678 866 Episcopo
700 789 907 866 Staoangrensi
929 810 982 867 per
1003 809 1106 851 manus
1126 792 1266 851 Ludbemi
1282 794 1483 853 Houweaolrilt

301 889 373 950 ciuis
384 889 540 967 Brugensis
550 889 579 948 in
591 889 731 949 Flandria
750 890 867 949 racione
888 891 1022 951 restantis
1044 893 1154 951 decime
1175 893 1339 954 sexannalis
1360 894 1389 953 in
1411 893 1482 954 ciui·

300 998 361 1050 tato
382 999 411 1049 et
432 990 540 1050 diocesi
562 990 824 1067 Stauangrensibus
849 1020 883 1031 -
908 992 987 1070 .xvij.
1008 991 1072 1051 libr.
1095 994 1164 1070 xiiij.
1196 992 1248 1051 sol.
1283 1002 1311 1052 ot
1345 1014 1381 1053 .r.
1415 996 1481 1055 den.

300 1111 391 1169 gross.
416 1091 637 1152 Turonensium.
1011 1091 1018 1103 '

629 1194 751 1271 Recepit
766 1194 992 1271 jnstrumentum
1013 1194 1153 1256 Jacobus.

780 1397 859 1473 .xvij.
882 1398 946 1458 libr.
980 1396 1049 1474 xiiij.
1080 1399 1133 1458 sol.
1166 1408 1194 1457 et
1226 1419 1261 1457 .v.
1295 1400 1359 1457 den.
1390 1420 1482 1476 gross.

301 1476 367 1557 [apl
401 1480 521 1541 Summa
541 1481 627 1541 huius
648 1481 754 1560 pagine
822 1482 1046 1543 Turonensium.

782 1587 839 1626 .xv.
863 1587 952 1627 maro.
974 1568 1121 1628 Noricaue
1142 1577 1265 1626 monete.

384 1765 540 1828 Sciendum
563 1777 606 1828 est
627 1770 705 1846 quod
728 1789 827 1830 maroa
846 1771 994 1831 Nor-ioane
1005 1780 1118 1831 monete
1130 1779 1314 1848 computatur
1324 1790 1377 1854 pro
1388 1771 1481 1830 solido

299 1887 465 1945 grossorum
486 1870 709 1930 Turonensium.

383 1970 455 2028 ltem
477 1971 625 2031 sciendum
646 1974 724 2050 quod
745 1973 815 2052 .ἰίᾒῖτ
841 1993 939 2035 marce
960 1974 1036 2032 dicte
1057 1974 1204 2033 Noricane
1226 1981 1339 2033 monete
1362 1992 1479 2049 compu-

299 2079 398 2129 tantur
419 2090 472 2149 pro
493 2071 519 2149 .j.
541 2092 641 2133 maroa
661 2076 773 2151 argenti
795 2085 824 2135 et
846 2095 1013 2136 eoonuerso.

780 2297 824 2336 m.
858 2278 969 2352 lxxxvi.
992 2296 1081 2338 marc.
1109 2277 1159 2353 vij.
1192 2297 1234 2335 or.
1268 2297 1334 2338 oum
1363 2277 1578 2337 dimidietatem

820 2379 871 2438 sol.
894 2388 1008 2438 moneto
1028 2379 1185 2439 Norioane.

779 2481 883 2559 ‚cxxvi
906 2501 994 2540 maro.
1025 2490 1053 2540 et
1081 2481 1119 2558 .ij.
1149 2500 1190 2540 or.
1220 2501 1286 2541 oum
1319 2480 1386 2540 dim.
1418 2499 1480 2556 arg.

348 2575 413 2657 [apl
470 2583 589 2644 Summa
617 2582 749 2643 Summa·
819 2582 955 2660 ponderis
976 2583 1125 2643 Noricani.

447 2703 511 2743 rum
534 2684 660 2744 omnium
683 2703 749 2760 per·
777 2685 853 2760 .xvij.
874 2685 939 2743 libr.
973 2684 1042 2759 xiiij.
1075 2684 1128 2743 sol.
1161 2694 1199 2743 et.
1231 2703 1259 2744 v.
1292 2685 1355 2744 den.
1388 2703 1480 2761 gross.

449 2794 598 2863 ceptorum
609 2786 638 2845 in
646 2786 748 2862 Regno
819 2786 1041 2847 Turonensiom.

446 2887 603 2965 Norwegie
625 2907 661 2947 ex
676 2906 748 2965 quae
776 2889 803 2948 .l.
822 2888 886 2947 libr.
910 2887 958 2964 xij.
980 2888 1033 2947 sol.
1057 2897 1086 2946 et
1107 2908 1143 2948 .v.
1172 2890 1236 2947 den.
1268 2887 1479 2963 sterlingorum.

447 3009 561 3067 cunque
583 3009 680 3049 causa.
777 2989 872 3066 .xxvij.
891 2990 990 3049 floren.
1011 2989 1084 3048 auri.

776 3090 812 3165 ij.
836 3089 916 3166 Agni
937 3090 1008 3149 auri.

775 3191 801 3268 .j
821 3192 942 3270 Regalis
962 3192 1034 3253 auri.

775 3313 831 3352 .xv.
850 3292 903 3352 sol.
926 3303 955 3351 et
976 3292 1046 3368 ‚iiijr
1059 3293 1123 3352 den.
1145 3302 1259 3351 monete
1281 3293 1414 3355 Sueuioe.

736 3592 1038 3602 --——-----——-

1478 3777 1513 3820 tol.
1522 3776 1553 3818 dl.
1559 3780 1578 3818 b.

1484 3841 1506 3870 ar
1518 3830 1565 3870 abe·

296 3907 467 4014 Sequitur
484 3909 722 3988 commutsoio
741 3932 808 3986 seu
826 3905 1003 3984 cambium
1018 3908 1252 4008 pecuniarum
1275 3916 1311 3983 et
1333 3881 1578 4008 argentili'db

296 4047 465 4149 superius
501 4047 534 4122 in
571 4042 855 4146 predeoentibus
893 4039 1099 4120 racionibus
1136 4041 1396 4143 particulariter
1432 4067 1478 4120 ex

428 4174 436 4193 '
586 4180 706 4256 causis
738 4177 909 4280 predictis
941 4186 1185 4277 receptorum.

377 4365 418 4424 Et
438 4363 532 4440 primo
553 4358 682 4439 R'eoepte
703 4362 740 4419 de
761 4360 874 4420 decima
894 4360 1046 4421 sexannali
1055 4359 1085 4418 in
1096 4360 1199 4436 Regno
1210 4360 1303 4420 Dacia
1314 4360 1476 4437 ccclxxvij.

295 4484 382 4526 marc.
404 4464 452 4541 vij.
474 4484 515 4523 or.
539 4474 568 4523 et
588 4464 666 4540 uxvij.
689 4464 754 4522 den.
777 4473 890 4522 monete
913 4462 1086 4533 Soaoiensis‚
1102 4461 1218 4520 luerunt
1239 4471 1414 4522 commutate
1433 4491 1475 4501 -

297 4587 348 4644 pro
370 4566 458 4643 .xviij.
480 4566 544 4625 libr.
566 4565 624 4642 xvj.
646 4565 697 4624 sol.
720 4575 749 4623 et
771 4565 816 4639 .xj.
839 4566 904 4624 den.
926 4584 1016 4642 gross.
1038 4563 1252 4624 Turonensium
1274 4583 1340 4623 oum
1364 4563 1390 4638 .j.
1403 4573 1475 4624 ster·

296 4668 380 4746 lingo.
401 4668 595 4744 computando
617 4684 744 4726 marcum
768 4665 953 4728 scaniensem
974 4685 1028 4742 pro
1045 4665 1475 4741 .j.s01.gr0ss.Tu1-0nensium.

330 4846 340 4878 ¹
355 4851 460 4903 Mollem
478 4850 504 4901 ff.
523 4853 554 4900 dl
572 4863 606 4912 og
624 4853 656 4899 68
673 4864 701 4898 er
718 4856 744 4898 et
760 4847 880 4899 ulolieret
895 4849 1047 4899 ubeskrevet
1063 4846 1138 4897 Blad.
