3584 5625
875 482 915 542 86

216 684 296 724 totto-b
402 672 476 731 Item
498 688 574 729 suno
596 687 654 747 quo
676 688 773 745 supra.
797 668 844 726 die
866 674 929 725 .xv·.
950 666 1030 743 Maij.
1073 668 1183 744 Recepi
1204 687 1223 727 a
1244 668 1308 727 duis
1330 667 1506 726 Thomaar·

318 775 500 850 cbidyacono
523 782 551 830 et
571 772 706 830 Johanne
728 770 763 828 de
785 778 886 829 sancta
908 767 1061 837 Trinitate,
1083 768 1222 829 canonico
1251 769 1374 830 ecclesie
1405 769 1506 845 Vpsa·

317 875 404 933 lensis
426 873 628 933 collectoribus
650 870 794 929 fructuum
817 869 901 945 primi
913 869 979 927 anni
991 870 1195 929 beneficiorum
1206 870 1377 929 vacancium
1393 870 1506 927 dudum
1537 866 1550 885 ³

318 1078 356 1153 ij.
379 1076 478 1136 solidis
500 1072 619 1150 argenti.
641 1080 810 1148 computata
831 1073 962 1148 qualibet
983 1092 1082 1131 marca
1103 1073 1215 1148 argenti
1243 1092 1296 1149 pro
1329 1093 1366 1132 .v.
1398 1076 1507 1134 marcis

318 1180 383 1239 den.
406 1178 578 1238 Sueuorum.

400 1277 475 1336 Item
495 1305 538 1316 -
560 1272 629 1349 ,iiijc
642 1274 694 1333 sol.
711 1292 802 1349 gross.
819 1274 1042 1333 Turonensium.
1063 1259 1246 1351 computatos
1267 1296 1321 1351 pro
1343 1277 1415 1353 ‚iiijc
1428 1296 1507 1336 mar·

317 1380 359 1439 cis
382 1389 410 1437 et
431 1378 499 1436 dim.
522 1378 587 1434 den.
611 1375 785 1437 Sueuorum.

401 1480 475 1537 Item
498 1477 635 1552 .cxxxvij.
656 1478 778 1535 florenos
800 1476 872 1534 auri.
896 1484 1079 1552 computatos
1100 1496 1153 1552 pro
1173 1461 1331 1537 ,clxxxnin
1353 1479 1459 1539 marcis
1476 1490 1508 1537 et

317 1580 356 1657 .ij.
381 1580 480 1640 solidis
501 1582 565 1639 den.
590 1580 763 1646 Sueuorum.
1393 1584 1396 1589 ·

401 1683 475 1740 Item
502 1718 530 1725 --
560 1678 628 1754 ‚xiij.
652 1698 766 1737 merces
786 1678 851 1735 den.
875 1677 1048 1739 Sueuorum.

647 1780 771 1858 Recepit
786 1779 1012 1855 justrumentum
1033 1782 1173 1840 Jacobus.

400 1988 474 2045 Item
495 2003 571 2043 anuo
592 1999 651 2058 quo
672 2002 768 2060 supra.
793 1983 839 2040 die
861 1983 950 2059 .xxiij.
981 1983 1086 2043 mensis
1117 1982 1198 2058 Maij.
1251 1985 1361 2061 Recepi
1395 2007 1413 2043 a
1446 1988 1507 2046 dno

317 2089 412 2147 Elano
434 2085 574 2145 canonico
593 2084 724 2143 Aboensi
745 2084 862 2141 nornine
884 2086 933 2141 dni
955 2085 1094 2163 Episcopi
1121 2086 1266 2145 Aboensis
1294 2088 1329 2143 de
1360 2085 1507 2151 fructibus

317 2188 522 2248 beneficiorum
545 2186 716 2245 vacancium
740 2186 769 2242 in
788 2186 907 2244 ciuitate
929 2195 958 2244 et
980 2187 1087 2245 diocesi
1115 2187 1300 2246 Aboensibus
1331 2207 1383 2263 per
1417 2189 1505 2246 Bien-

318 2292 397 2349 nium
424 2318 456 2326 -
483 2289 552 2364 aiij.
576 2288 627 2347 sol.
651 2304 716 2346 cum
739 2287 794 2363 ‚iiij.
817 2288 881 2345 den.
903 2306 994 2362 gross.
1015 2287 1236 2347 Turonensium.
1260 2299 1428 2365 computato
1451 2311 1505 2368 pro

318 2412 377 2451 .xv.
400 2391 505 2451 marcis
527 2392 594 2449 den.
618 2388 789 2450 Sueuorum.
876 2419 877 2422 =

649 2491 773 2568 Recepit
788 2475 1014 2566 justrumentum
1034 2491 1174 2552 lacobus.

798 2675 886 2749 ciiij‘!r
911 2695 998 2734 marc.
1022 2685 1051 2735 et
1071 2678 1106 2753 .ij.
1128 2678 1180 2737 sol.
1199 2696 1259 2754 arg.
1271 2679 1504 2754 ponderisStok·

840 2761 1005 2821 belmensis.

319 2841 385 2921 [ap]
427 2847 547 2907 Summa
563 2847 648 2914 huius
666 2847 771 2924 pagine
800 2848 937 2924 erixxvij.
960 2847 1021 2906 flor.
1044 2848 1116 2906 auri.

798 2932 873 3009 xvij.
895 2932 948 2993 sol.
970 2943 999 2993 et
1009 2933 1079 3009 ‚iiijc
1096 2934 1160 2991 deu.
1177 2950 1268 3007 gross.
1279 2932 1506 3015 Turonensium

770 3092 772 3098 Α
798 3015 863 3093 ‚xiii
886 3037 975 3077 marc.
996 3028 1111 3078 monete
1133 3017 1267 3078 Sueuice.

382 3696 440 3774 De
471 3692 601 3778 debitis
633 3725 680 3776 ex
711 3724 927 3803 quacunque
959 3726 1086 3801 ceusu
1112 3712 1219 3778 tenor
1250 3701 1445 3777 litterarum

675 3837 840 3937 sequitur
870 3839 930 3937 qui
967 3836 1044 3913 talis
1076 3846 1144 3914 cst.

400 4017 550 4075 lohannes
584 4015 736 4092 episcopus
769 4035 870 4075 seruus
902 4038 1053 4077 seruorum
1086 4019 1141 4090 dei,
1172 4019 1289 4078 Dilecto
1321 4019 1381 4077 filio
1412 4019 1505 4078 Petro

319 4116 453 4192 Geruasij
477 4119 617 4177 canonico
638 4117 802 4177 Viuariensi
825 4120 984 4195 apostolice
1005 4122 1082 4179 sedis
1100 4120 1217 4192 nuncio,
1230 4120 1359 4180 Salutem
1382 4128 1411 4178 et
1431 4141 1504 4198 apo·

317 4218 448 4276 stolicam
468 4219 710 4278 benediccionem.
753 4220 931 4295 Accepimus
953 4241 1046 4298 nuper
1066 4223 1145 4297 quod
1173 4222 1303 4279 nonnulli
1331 4220 1443 4281 Prelati
1476 4232 1506 4280 et

318 4339 439 4396 persone
462 4305 654 4380 ecclesiastice
675 4321 704 4377 in
724 4321 891 4398 Norwegie‚
914 4323 1018 4383 Suecie
1041 4335 1070 4383 et
1092 4323 1185 4383 Gocie
1205 4323 1315 4398 Reguis
1344 4321 1504 4381 consisten-

317 4431 360 4480 tes
381 4422 410 4478 in
433 4422 553 4483 diuersis
574 4422 904 4498 pecuniarumsummis
926 4445 963 4483 ex
985 4425 1080 4484 causis
1101 4425 1223 4484 diuersis
1255 4445 1370 4482 camere
1403 4434 1503 4483 nostre

317 4532 456 4580 tenentur.
473 4525 536 4581 Nos
558 4533 654 4604 autem
675 4505 805 4584 volentes
827 4525 917 4601 ipsius
937 4546 1051 4586 camere
1072 4526 1328 4603 indempnitatibue
1349 4526 1502 4603 preconari

317 4623 495 4682 Discrecioni
523 4635 571 4682 tue
593 4645 645 4700 per
666 4627 827 4702 apostolica
848 4627 956 4702 scripta
978 4627 1181 4686 committimus
1203 4628 1502 4703 etmandamusqua·

316 4735 400 4782 tenue
420 4744 507 4801 super
527 4725 581 4801 hijs
603 4735 632 4784 et
653 4746 687 4784 ea
709 4727 927 4803 quomodolibet
948 4730 1132 4804 tangentibus
1154 4729 1309 4787 summarie
1331 4727 1502 4805 simpliciter
1536 4712 1538 4714 ³

317 4834 346 4883 et
367 4826 403 4882 de
420 4825 512 4902 plano
534 4845 571 4884 ac
591 4827 651 4886 sine
673 4829 794 4905 strepitu
817 4840 845 4887 et
864 4831 958 4905 figura
981 4828 1083 4904 judicij
1113 4839 1142 4887 te
1173 4829 1330 4888 informans
1361 4829 1502 4905 pecunias
