3584 5625
948 460 986 517 58

459 648 531 705 Item
552 647 632 706 iretri
665 643 834 706 Godskalco
865 645 968 705 lectori
1000 647 1213 723 predicatorum
1247 648 1408 718 Finlandie.
1441 650 1561 726 quando

373 747 427 806 init
445 748 481 805 de
503 747 617 808 Swecia
637 747 674 805 ad
697 746 895 822 episcopatum
916 748 1083 807 Aboensem
1105 768 1159 826 pro
1181 749 1309 824 negociis
1337 751 1386 827 dnj
1419 770 1496 827 pape
1523 780 1549 789 ·-

373 849 410 925 ij.
434 848 485 907 sol.
508 856 536 906 et
558 849 623 925 aiij.
646 850 709 906 den.
732 847 943 923 sterlingorum.

456 951 530 1010 Item
552 950 660 1010 famulo
680 949 730 1025 qui
752 949 879 1024 portauit
907 947 1031 1008 litteras‘
1049 952 1107 1010 dr'ro
1138 961 1237 1011 nostro
1269 972 1355 1029 pepe,
1387 973 1440 1030 per
1472 972 1559 1032 quem

372 1052 490 1109 modum
513 1053 728 1111 extraheremus
750 1051 888 1127 pecunias
909 1051 945 1109 de
968 1070 1057 1129 regno
1079 1052 1191 1112 Swecie
1218 1081 1249 1094 -
1285 1054 1322 1128 ij.
1345 1044 1459 1114 ‘solidos
1486 1064 1558 1114 ster·

372 1152 523 1229 lingorum.
633 1227 636 1232 Ι

750 1339 818 1395 .xix.
841 1339 903 1397 flor.
926 1357 992 1396 cum
1014 1339 1131 1397 dimidio
1154 1340 1225 1414 auri.

373 1417 406 1498 [a
426 1418 449 1499 .]
478 1423 596 1484 Summa
618 1424 723 1501 pagine
750 1423 818 1482 mix.
841 1423 892 1482 sol.
915 1422 963 1499 iiij.
987 1424 1052 1481 den.
1076 1423 1186 1482 Turon.
1208 1444 1331 1500 grossor.
1354 1426 1474 1501 argenti.

751 1501 891 1582 [Reductr's
910 1510 1041 1583 sterlinpia
1063 1509 1102 1567 ad
1119 1504 1251 1584 pressos}

816 1792 1117 1803 -—-—-·—-—---

271 2074 361 2114 net
477 2039 652 2141 Expense
685 2040 778 2116 secte
810 2066 876 2141 per
907 1998 1119 2139 Magistrum
1151 2040 1191 2117 B.
1225 2041 1270 2118 de
1304 2040 1448 2119 Ortoiis.

453 2222 542 2280 Anno
565 2222 613 2299 dnj
637 2231 687 2280 .m⁰.
710 2230 774 2282 ecci
794 2225 878 2282 xxvii
901 2224 966 2299 Ego
988 2223 1022 2281 B.
1045 2224 1081 2282 de
1102 2224 1219 2296 Ortolis,
1247 2225 1364 2301 quando
1397 2225 1483 2283 debui
1515 2226 1558 2284 ire

453 2425 643 2502 Supradiotos
656 2445 754 2512 'equos
775 2427 893 2485 nendidi
915 2412 1030 2504 Brugis.
1074 2425 1123 2502 «In¹
1148 2427 1253 2503 quibus
1279 2426 1393 2504 perdidi
1414 2459 1453 2468 -
1477 2448 1558 2487 m.

368 2528 492 2587 florenos
514 2528 585 2601 anri.

453 2630 541 2688 Anno
564 2630 612 2705 dr'rj
635 2638 684 2687 mi
707 2637 771 2690 ccc⁰.
792 2629 885 2706 xxvijt
910 2663 947 2673 ·—
973 2613 1083 2706 ,ιιιιίἰῇἱΙ
1103 2631 1149 2688 die
1171 2630 1277 2689 mensis
1288 2631 1399 2707 Aprilis
1420 2649 1486 2690 cum
1511 2652 1558 2690 re·

370 2732 509 2809 cepissem
531 2731 685 2807 pecuniam
707 2730 818 2790 decime
835 2730 999 2789 sexennalis
1021 2731 1148 2790 ciuitatis
1170 2740 1198 2790 et
1209 2732 1341 2808 dyocesis
1352 2732 1559 2805 Nidrosiensis,

370 2835 424 2910 emj
448 2834 483 2910 .ij.
506 2834 608 2892 archas
628 2842 657 2892 et
680 2859 714 2870 -
743 2831 801 2871 —1'
816 2834 852 2892 de
874 2853 971 2910 panno
993 2851 1104 2910 grosso,
1126 2835 1175 2891 vbi
1196 2835 1292 2911 posita
1313 2844 1343 2892 et
1370 2843 1485 2911 portata
1503 2833 1560 2893 fuit

367 2934 493 3012 pecunia
515 2935 591 2994 dicte
613 2935 723 2995 decime
747 2937 782 2992 de
806 2934 943 2992 Nidrosia
965 2935 1044 3011 apud
1064 2934 1176 3011 Bergae
1206 2936 1372 2995 deconstitit
1399 2945 1492 2993 totum
1514 2962 1558 2973 -

367 3037 413 3113 iij.
436 3055 523 3095 marc.
544 3038 666 3112 pecunie
688 3037 843 3096 Norieane.

451 3139 525 3197 Item
547 3157 623 3197 anno
645 3156 703 3215 quo
725 3157 822 3215 supra,
845 3147 873 3196 et
896 3138 948 3213 rije
971 3139 1017 3196 die
1040 3139 1144 3198 mensis
1171 3138 1271 3214 Madij‚
1293 3139 1398 3196 recessi
1433 3158 1486 3215 ego
1520 3139 1556 3198 B.

366 3242 401 3300 de
424 3240 533 3302 Ortolis
555 3240 591 3298 de
613 3240 750 3298 Nidrosia
772 3259 824 3315 per
846 3258 926 3297 mere
947 3258 1050 3298 uersus
1063 3241 1181 3316 Bergae.
1226 3239 1291 3314 Que
1303 3240 1408 3297 ciuitas
1418 3240 1557 3299 Nidrosie

366 3343 453 3403 distat
474 3362 492 3399 a
515 3343 617 3418 Bergis
639 3361 691 3418 per
712 3341 818 3416 cxliiij.
841 3341 949 3414 leucas,
982 3343 1156 3401 Deconstitit
1191 3343 1258 3400 mihi
1291 3342 1411 3399 naulum
1439 3369 1471 3379 -
1496 3342 1553 3418 iiij.

365 3463 478 3503 mareas
499 3463 589 3521 paruo
610 3445 733 3521 pecunie
754 3443 911 3502 Noricane.

450 3546 537 3604 Anno
559 3564 617 3622 quo
639 3565 736 3623 supra,
759 3546 852 3622 prima
874 3546 920 3604 die
943 3546 1047 3604 mensis
1069 3544 1160 3620 Junij.
1180 3546 1246 3621 Ego
1268 3545 1302 3602 B.
1325 3546 1361 3602 de
1384 3544 1553 3621 Ortolis,iuj
1618 3534 1620 3538 ’

277 3652 280 3657 “
365 3649 401 3705 de
423 3646 526 3722 Bergis
548 3649 584 3704 ed
614 3649 759 3706 ciuitatem
789 3649 1042 3723 Stauangrensern.
1086 3646 1152 3721 Que
1175 3647 1278 3711 ciuitas
1300 3647 1427 3704 distata
1450 3646 1553 3721 Bergie

364 3770 416 3826 per
438 3749 505 3825 .xlij.
536 3750 644 3808 leucas.
678 3768 730 3824 pro
762 3749 888 3807 leuando
920 3742 1044 3824 pecunie
1080 3750 1191 3808 decime
1224 3748 1396 3821 sexennalis,
1427 3758 1456 3806 et
1487 3748 1552 3807 aliis

363 3850 492 3926 negociis
515 3851 562 3926 dr‘rj
585 3870 660 3927 pape
682 3850 868 3925 expediendis
891 3850 1007 3908 ibidem.
1051 3850 1225 3910 Comodauit
1248 3849 1315 3907 mihi
1331 3850 1552 3925 dfisepiscopus

364 3952 519 4028 Bergensis
541 3970 646 4010 nauem
668 3971 760 4023 suem,
782 3962 811 4009 et
834 3970 888 4026 ego
909 3953 1035 4010 conduxi
1054 3962 1167 4024 nautas,
1180 3954 1245 4011 steti
1263 3964 1322 4009 tam
1334 3951 1363 4008 in
1376 3953 1553 4028 Stauangris

364 4073 452 4131 quam
474 4055 571 4112 inuia
593 4074 645 4130 per
667 4053 735 4111 ,xvi
759 4054 828 4112 dies.
863 4053 1103 4112 Deconstiterunt
1134 4055 1200 4111 rnihi
1234 4054 1302 4112 dicti
1335 4063 1422 4111 nante
1455 4063 1552 4129 preter

364 4157 436 4215 elias
459 4175 599 4233 expensas
622 4183 656 4192 -
681 4155 737 4230 .vij.
759 4174 872 4214 marcas
894 4174 985 4231 parne
1007 4157 1129 4230 pecunie
1150 4156 1305 4214 Norieane.

446 4258 535 4315 Anno
558 4276 616 4333 quo
638 4276 726 4333 supra
747 4268 775 4314 et
797 4255 847 4332 rije
871 4256 916 4312 die
939 4258 1043 4316 mensis
1063 4258 1135 4333 Julij
1168 4257 1222 4317 feci
1255 4257 1362 4333 portari
1396 4259 1550 4333 pecuniam

363 4361 474 4418 decime
497 4360 680 4435 episcopatus
702 4357 898 4417 Nidrosiensis
920 4360 956 4416 de
989 4359 1074 4416 domo
1106 4361 1153 4436 diij
1188 4359 1408 4435 Archiepiseopi
1440 4360 1550 4418 Nidro-

361 4463 461 4520 siensis
484 4462 521 4519 ad
543 4461 703 4520 sacristiam
722 4460 1018 4536 eeclesieBergensis.
1043 4461 1206 4521 deconstitit
1227 4460 1296 4519 mihi
1322 4488 1354 4515 -.
1381 4460 1417 4534 .ij.
1439 4461 1547 4520 solidos

361 4563 572 4638 sterlingorum.

445 4665 533 4721 Anno
555 4678 613 4741 quo
635 4684 721 4741 supra
744 4671 823 4723 .xx¹³!³
838 4665 884 4722 die
908 4666 1011 4724 mensis
1033 4663 1219 4740 Septembris,
1242 4663 1358 4740 quando
1380 4663 1458 4738 uolnj
1483 4664 1548 4720 mit-

403 4827 412 4856 ¹
432 4831 483 4880 Her
501 4845 559 4880 men
577 4839 603 4880 et
620 4831 673 4880 Par
690 4831 744 4882 Ord
762 4845 827 4880 vaere
845 4830 998 4892 udeglemte‚
1017 4846 1071 4880 som
1092 4823 1213 4893 „saccos“
1233 4844 1254 4878 e.
1273 4845 1296 4878 a.
1316 4831 1339 4877 d.
