3584 5625
185 611 219 648 lol.
233 610 283 647 (81.

865 420 902 477 12

370 599 444 657 Item
466 602 544 677 quod
567 603 603 660 de
625 602 933 679 condempnationibus
954 625 1006 663 seu
1032 605 1159 663 emendis
1186 608 1312 665 reddidit
1332 608 1475 666 rationem

286 700 315 757 in
337 720 439 775 grosso
465 732 498 741 -
524 705 635 763 seilicet
656 702 751 760 solum
772 705 809 762 de
831 705 922 765 tribus
944 707 1125 765 soluentibus
1147 708 1183 765 de
1204 709 1371 768 totaDacie
1393 719 1422 767 et
1438 710 1475 767 de

287 800 393 860 Sueeia
414 804 451 861 de
473 806 586 865 duobus
607 805 795 866 soluentibus.

370 903 444 962 Item
467 908 544 982 quod
568 908 603 964 de
626 906 679 982 hijs
701 926 758 982 que
780 918 980 966 remanserunt
1000 909 1029 965 in
1057 910 1188 986 partibus
1215 910 1271 968 illis
1299 929 1358 967 non
1383 912 1474 986 essig·
1554 969 1558 974 ,

286 1013 335 1062 net
355 1005 468 1081 aliquas
489 1008 639 1067 cautiones
660 1008 713 1066 nisi
735 1009 812 1084 quod
835 1009 938 1086 prelati
962 1030 1061 1068 coram
1081 1011 1186 1087 quibus
1217 1012 1359 1069 rationem
1380 1013 1476 1069 reddit

286 1105 476 1166 testificantur
496 1128 549 1184 per
569 1110 679 1187 litteras
702 1130 770 1169 suas
797 1145 830 1153 -
856 1113 935 1187 qnod
957 1131 1015 1169 non
1037 1113 1153 1171 uidetur
1174 1112 1312 1171 sulficere.

368 1208 443 1267 Item
475 1211 555 1286 quod
587 1212 703 1287 quando
732 1212 866 1270 transiuit
892 1232 972 1271 mare
1001 1214 1126 1272 muniuit
1151 1233 1256 1272 nauem
1284 1215 1319 1271 de
1342 1216 1476 1272 omnibus

287 1309 462 1369 uictualibus
484 1312 634 1387 oportunis
655 1321 716 1369 tem
738 1333 791 1388 pro
813 1333 844 1372 se
866 1334 954 1391 quam
976 1335 1029 1391 pro
1052 1315 1172 1387 decima,
1195 1316 1300 1391 quibus
1322 1316 1375 1373 luit
1396 1334 1475 1383 usus,

287 1420 315 1466 et
336 1421 455 1487 propter
476 1415 531 1471 hoc
553 1413 641 1471 nichil
663 1424 813 1490 computat
835 1416 870 1473 de
893 1435 947 1474 suo
968 1416 1083 1474 salario.

370 1513 445 1572 Item
468 1515 546 1591 quod
569 1515 642 1590 petit
663 1517 741 1592 quod
764 1518 885 1575 satisfiat
907 1517 966 1576 suis
986 1516 1174 1575 familiaribus
1196 1518 1233 1574 de
1255 1518 1375 1575 decima

371 1613 443 1673 Item
466 1616 545 1691 quod
567 1636 619 1692 per
641 1617 698 1692 ‚vij.
721 1635 812 1676 annos
828 1607 987 1677 ¹continuos
1008 1618 1119 1695 recepit
1139 1619 1284 1695 stipendia
1309 1627 1338 1677 et
1362 1617 1474 1675 nullum

286 1714 361 1772 diem
384 1716 515 1775 detrahit.

370 1815 445 1875 Item
475 1819 511 1876 de
546 1848 574 1855 -
608 1819 670 1895 viij‘:
692 1820 750 1896 xxj.
773 1820 853 1879 libris
880 1822 992 1879 Turon.
1016 1840 1089 1897 quas
1111 1821 1264 1898 episcopus
1285 1822 1476 1897 Linoopensis

287 1916 412 1975 debebat
441 1919 510 1977 dare
531 1940 590 1978 non
611 1921 735 1980 restitnit
756 1922 884 1997 aliquam
904 1923 1028 1980 litteram
1050 1924 1118 1982 licet
1138 1924 1214 1981 idem
1241 1924 1475 1999 archiepiscopus

286 2020 428 2093 receperit
449 2049 490 2058 -
512 2019 553 2093 vjt
574 2019 663 2080 libras
685 2023 721 2081 de
743 2024 821 2081 dicta
842 2043 963 2082 summe.
1068 2066 1070 2068 -

344 2121 524 2179 ‘Habentur
545 2124 581 2180 de
603 2124 741 2199 depositis
763 2135 791 2183 et
812 2126 956 2185 solutione
978 2126 1139 2185 medietatis
1161 2126 1272 2185 decime
1290 2136 1365 2185 terre
1375 2136 1475 2197 sancte

288 2249 328 2259 -
350 2224 408 2299 xvj.
431 2223 505 2282 inter
525 2223 715 2283 instrumenta
737 2236 766 2285 et
788 2228 907 2287 litteras.

371 2411 452 2469 Nota
474 2411 551 2487 qnod
575 2421 640 2487 post
661 2413 802 2472 rationem
823 2415 984 2490 predictam
1007 2402 1073 2474 date
1094 2415 1209 2474 luerunt
1231 2416 1267 2473 de
1287 2416 1383 2491 gratie
1411 2435 1475 2491 pre·

287 2511 365 2570 dicto
378 2512 608 2590 Archiepiscopo
620 2533 672 2589 per
684 2514 814 2574 dominos
826 2515 997 2576 Cardineles
1022 2544 1054 2553 -
1080 2517 1123 2591 iijs
1144 2518 1216 2576 libre
1228 2519 1339 2577 Turon.
1354 2537 1408 2594 pro
1429 2536 1475 2575 re·

294 2616 529 2691 compensatione
552 2614 648 2690 salarij
670 2615 777 2675 familie
809 2637 860 2676 sue
893 2637 950 2694 que
981 2619 1036 2678 sibi
1064 2620 1233 2678 seruiueret,
1252 2619 1282 2676 in
1303 2618 1475 2677 executione

286 2715 451 2776 huiusmodi
473 2716 592 2774 decime.

370 2818 417 2876 De
438 2819 570 2900 predicte
592 2829 689 2878 autem
710 2822 836 2896 pecunia
858 2821 969 2880 decime
988 2821 1111 2880 collecta
1143 2822 1172 2879 in
1192 2822 1288 2880 Dacia
1314 2831 1343 2880 et
1369 2821 1476 2882 Suecia

176 2993 179 3000 ¹
287 2921 316 2978 in
339 2929 439 2979 mutuo
461 2928 520 2980 xv¹t¹
560 2920 601 2996 vj?
631 2922 780 3023 vnciprum
803 2925 867 2982 auri
893 2923 969 2982 lecto
999 2924 1056 2981 dno
1083 2923 1145 2999 regi
1178 2923 1276 2984 Sicilie
1309 2943 1361 3000 pro
1393 2924 1476 2982 iactis

286 3024 381 3098 Regni
403 3023 500 3083 Sicilie
523 3023 673 3082 soluerunt
694 3035 870 3084 mercatores
893 3027 928 3082 de
950 3025 1090 3083 societate
1110 3025 1253 3084 «Iohannis
1282 3026 1318 3084 de
1346 3023 1476 3084 Crusolis

288 3125 323 3182 de
354 3125 454 3183 Monte
483 3125 623 3201 pesulano
654 3144 706 3201 pro
736 3145 782 3183 me
812 3146 871 3185 ccc.
906 3126 1030 3185 marchis
1056 3127 1168 3202 argenti
1190 3127 1226 3186 de
1248 3127 1416 3187 Guandauo
1438 3128 1476 3184 ad

286 3228 399 3301 pondus
421 3229 567 3290 Trecense
580 3301 582 3307 s
595 3261 624 3268 -
652 3238 690 3285 vt‘
717 3225 759 3301 iijs
781 3246 870 3285 xxxv.
890 3230 1015 3286 florenos
1036 3229 1099 3287 auri
1122 3238 1151 3287 et
1178 3259 1209 3266 -
1235 3231 1315 3287 lxxx.
1337 3229 1426 3287 libras
1448 3237 1477 3286 et

286 3328 323 3402 vj.
346 3330 409 3388 den.
432 3341 461 3389 et
488 3330 564 3390 ⁴⁸*due
586 3333 671 3390 tertia
692 3333 776 3389 vnius
797 3331 906 3406 denerij
930 3331 1144 3391 Turonensium
1166 3351 1332 3408 grossorum
1355 3330 1476 3406 argenti.

246 3459 251 3462 ·
287 3434 460 3506 computatis
486 3434 553 3510 diiij.
574 3433 793 3492 Turonensibus
825 3442 854 3492 et
874 3433 993 3491 dimidio
1020 3436 1128 3510 grossis
1159 3455 1213 3511 pro
1238 3434 1368 3510 qualibet
1399 3451 1475 3490 mar·

186 4044 219 4083 iol.
232 4043 254 4081 19
264 4056 280 4082 a.

288 3535 350 3611 cha.
395 3535 452 3610 Qui
473 3536 575 3595 floreni
605 3546 634 3595 et
654 3537 839 3595 Turonenses
861 3534 962 3592 ualent
987 3564 1020 3572 -
1046 3556 1082 3594 m.
1104 3536 1157 3611 iiijt
1184 3534 1262 3612 lxvij.
1284 3535 1384 3595 vncies
1406 3534 1478 3606 auri,

287 3636 331 3710 xj.
344 3636 528 3697 Turonenses
549 3658 666 3714 grossos
681 3648 710 3696 et
726 3640 784 3697 duo
801 3637 886 3696 tertia
896 3638 980 3694 vuius
993 3637 1178 3697 Turonenses
1189 3637 1281 3714 grossi
1294 3638 1329 3696 de
1348 3647 1477 3712 argento.

370 3740 457 3798 Vnde
489 3740 567 3800 lacta
592 3741 705 3799 ratione
733 3740 769 3797 de
795 3739 933 3815 predictis
960 3741 1085 3816 receptis
1114 3740 1152 3797 ad
1173 3740 1306 3816 predicta
1327 3748 1428 3796 mutua
1450 3747 1479 3795 et

287 3840 442 3920 expensas¹
447 3885 579 3901 .....

527 4010 609 4100 viiij.
662 4009 714 4078 De
741 4008 876 4079 decimis
910 4009 1019 4100 Regni
1045 4007 1240 4099 Norwegie.

372 4133 406 4190 In
430 4133 546 4190 nomine
568 4133 616 4189 dr'ri
638 4133 743 4190 Amen.
788 4133 820 4189 ln
843 4131 919 4190 lacto
943 4131 1054 4190 decime
1075 4140 1151 4189 terre
1172 4142 1272 4190 sancte
1299 4132 1421 4191 collecte
1448 4131 1478 4189 in

286 4237 390 4311 Regno
411 4234 559 4311 Norvegie
581 4234 674 4311 primo
697 4243 740 4292 est
762 4232 980 4292 memorandum
1002 4234 1080 4310 quod
1102 4233 1141 4290 ibi
1163 4254 1181 4291 a
1202 4234 1344 4311 principio
1355 4235 1407 4293 luit
1419 4235 1478 4292 col·

288 4338 379 4396 lector
390 4337 637 4413 Arcbiepiscopus
656 4336 851 4395 Nidrosiensis
874 4337 1012 4413 quamdiu
1034 4335 1108 4393 uixit
1129 4346 1158 4393 et
1180 4337 1215 4394 de
1237 4335 1363 4412 pecunia
1391 4355 1478 4412 quom

323 4449 332 4479 ¹
356 4454 447 4503 Denne
472 4452 586 4515 Saetning
609 4468 636 4501 er
658 4452 718 4500 ikke
742 4450 856 4500 luldsert.
901 4451 956 4501 Pau
978 4453 1026 4517 det!
1039 4452 1191 4502 tilsverende
1209 4452 1272 4503 Sted
1290 4453 1298 4500 i
1314 4453 1480 4514 Regnskabet

356 4538 602 4600 forlndsamlingen
619 4537 627 4584 i
645 4536 772 4587 Skotlend
796 4543 866 4585 stear
892 4538 949 4586 der:
981 4535 1072 4600 „Vnde
1094 4537 1164 4586 facta
1186 4539 1286 4588 ratione
1305 4539 1335 4585 de
1358 4536 1478 4600 predictis

357 4621 464 4686 receptis
492 4624 524 4671 ad
549 4617 835 4686 expensare-mutue
858 4620 928 4672 lacte
950 4624 981 4671 de
1004 4624 1039 4671 eis
1063 4630 1170 4686 apparet
1192 4625 1261 4687 quod
1283 4614 1395 4673 resteut“
1420 4619 1480 4679 [her

357 4721 457 4756 neevnes
475 4722 507 4756 en
525 4706 588 4757 Sum
606 4723 629 4755 o.
649 4722 668 4755 s.
687 4723 709 4755 v.
755 4707 846 4756 Denne
870 4707 933 4758 Sum
954 4709 1040 4758 kunde
1059 4723 1139 4771 ogsaa
1157 4709 1203 4758 her
1220 4707 1326 4759 orenlor
1343 4703 1372 4754 al
1387 4705 1418 4753 de
1435 4719 1480 4753 an-

357 4791 422 4840 ferte
440 4790 490 4840 Tel
507 4792 544 4842 let
561 4791 690 4855 beregnes.
