3584 5625
945 515 1003 571 180

735 701 783 757 65.
830 702 919 758 1328.
967 698 1041 758 ltde
1065 702 1202 758 Februar.

440 831 462 864 a.
499 815 632 866 Johannes
650 816 784 881 episeopus
803 831 822 864 s.
841 832 861 864 s.
881 816 905 864 d.
925 813 1019 865 dilecto
1046 817 1099 866 tilio
1126 815 1207 866 nobili
1225 817 1279 867 viro
1296 810 1445 879 ¹*lirragislo
1464 816 1567 865 Nesim-

372 915 502 963 nungsson
520 899 608 963 Magni
628 901 696 965 regis
712 898 838 963 Norwcye
853 907 879 948 et
894 899 990 949 Swecie
1002 901 1107 950 illustris
1120 901 1277 950 marescalco
1290 901 1399 951 salutem
1411 909 1460 951 etc.
1498 900 1567 951 Cum

373 986 405 1034 de
424 993 466 1034 tue
483 985 625 1035 nobilitatis
652 985 723 1049 pru¹.
743 1022 749 1033 .
769 1021 775 1032 .
795 1020 800 1032 .
820 985 932 1046 gerimus
958 1001 1005 1048 (pne
1032 1002 1094 1048 erga
1119 987 1195 1035 deum
1221 991 1247 1034 et
1265 1021 1271 1033 .
1290 1022 1296 1033 .
1316 1021 1322 1033 .
1342 1022 1348 1033 .
1367 993 1475 1036 matrem
1493 993 1567 1034 tuam

373 1071 445 1119 alara
462 1070 598 1118 deuotione
617 1106 622 1117 .
643 1106 649 1117 .
669 1106 674 1117 .
694 1106 700 1117 .
718 1067 769 1131 hijs
788 1082 835 1131 que
853 1070 926 1118 nobis
944 1070 1035 1135 stipsi
1059 1072 1166 1121 ecclesie
1191 1072 1274 1133 gratio
1293 1106 1299 1117 .
1319 1106 1325 1118 .
1345 1107 1350 1117 .
1370 1106 1376 1117 .
1395 1083 1451 1117 esse
1470 1084 1568 1131 cogno·

373 1155 448 1216 ueris,
466 1155 592 1219 promptis
610 1151 744 1203 affectibus
762 1162 790 1202 ut
809 1190 814 1201 .
834 1190 840 1201 .
860 1191 865 1201 .
886 1191 892 1202 .
912 1155 988 1204 tionis
1006 1163 1032 1204 ct
1049 1156 1131 1218 gratie
1142 1156 1210 1205 filius
1222 1163 1247 1205 te
1259 1156 1378 1220 impende
1395 1191 1401 1201 .
1421 1190 1427 1202 .
1447 1190 1452 1201 .
1472 1190 1478 1201 .
1496 1154 1566 1204 filios

373 1240 519 1290 Johannem
538 1240 569 1288 de
587 1237 683 1290 Serene
701 1240 795 1303 prior.
815 1274 820 1287 .
840 1274 845 1286 .
865 1275 870 1285 .
890 1238 930 1288 nis
947 1238 1055 1287 fratrum
1072 1242 1261 1305 predicatorum
1279 1242 1310 1290 de
1327 1239 1435 1303 Figiaeo
1452 1247 1479 1289 et
1490 1240 1514 1289 B
1535 1276 1540 1286 .
1561 1276 1567 1288 .

372 1362 378 1373 .
399 1361 404 1373 .
424 1326 455 1374 de
474 1324 571 1377 Ortolis
590 1332 714 1373 rectorem
733 1324 839 1372 ecclesie
858 1324 888 1373 de
906 1323 1048 1373 Noualibus
1067 1362 1073 1374 .
1093 1362 1099 1374 .
1120 1361 1126 1374 .
1145 1362 1151 1373 .
1171 1326 1252 1374 censis
1270 1333 1297 1375 et
1315 1323 1461 1373 Eleetensis
1479 1324 1567 1374 dioce-

372 1409 438 1459 sium
456 1410 599 1474 apostolice
616 1410 684 1459 sedis
702 1423 769 1457 nune
788 1444 794 1455 .
813 1444 819 1455 .
839 1444 845 1455 .
864 1445 870 1456 .
889 1409 922 1457 ad
941 1425 984 1458 eos
1001 1418 1088 1471 partes
1111 1425 1158 1472 pro
1184 1411 1259 1459 certis
1285 1410 1379 1459 nostris
1406 1417 1432 1459 et
1458 1408 1567 1458 ecclesie

372 1503 512 1545 memorate
530 1493 645 1557 negocijs
663 1494 759 1543 dudum
777 1494 935 1542 destinantes
954 1505 979 1543 et
997 1501 1081 1543 uestre
1099 1493 1254 1544 excellencie
1271 1493 1424 1544 fiducialiter
1435 1508 1567 1544 commcn-

373 1580 463 1628 dantes
481 1578 641 1627 nobilitatem
664 1586 734 1627 tuam
757 1578 882 1627 atteneius
909 1578 1043 1642 deprecam
1062 1615 1068 1626 .
1088 1615 1094 1627 .
1114 1615 1120 1627 .
1139 1616 1145 1628 .
1165 1579 1261 1629 eisdem
1289 1578 1390 1642 unncijs
1420 1586 1447 1627 et
1476 1594 1566 1628 eorum

373 1664 478 1714 cuilibet
496 1663 517 1712 si
535 1698 541 1710 .
562 1698 567 1710 .
587 1699 593 1710 .
613 1699 619 1711 .
638 1662 758 1726 predictis
776 1664 894 1712 assistere
919 1662 1023 1724 auxilijs
1050 1653 1165 1726 consilijs
1191 1670 1218 1712 et
1235 1698 1242 1710 .
1262 1700 1267 1711 .
1287 1700 1292 1711 .
1312 1700 1318 1711 .
1338 1665 1479 1727 oportunis,
1498 1664 1566 1727 qnod

373 1749 486 1799 diuinam
504 1762 535 1798 aa
552 1754 664 1797 nostram
683 1783 689 1795 .
708 1784 714 1795 .
734 1783 739 1794 .
758 1783 764 1795 .
785 1748 823 1797 dis
841 1748 951 1811 gratiam
968 1747 1028 1796 inde
1046 1748 1136 1798 ualeas
1154 1748 1257 1797 uberius
1283 1747 1430 1811 promereri.
1467 1748 1566 1797 Datum

373 1833 502 1884 Aninione
519 1832 577 1881 idus
593 1832 727 1895 Februarij
746 1832 910 1894 pontificatus
929 1833 1010 1880 nostri
1029 1846 1097 1881 anno
1116 1831 1195 1895 aijpo

439 1918 463 1965 b.
500 1915 632 1967 ‚Iohannes
651 1918 785 1981 episcopus
803 1923 851 1964 etc.
870 1916 964 1966 dilecto
982 1917 1036 1966 filio
1055 1916 1135 1967 nobili
1154 1917 1209 1967 viro
1229 1916 1323 1968 Carolo
1341 1915 1566 1980 Neskunungsson

309 2056 317 2071 ,
372 2001 510 2052 Finlandie
527 2002 663 2066 capitaneo
682 2001 790 2050 salntem
809 2009 856 2049 etc.
893 1997 1072 2067 (Liqelydeade
1089 1999 1143 2051 med
1159 2000 1200 2051 det
1210 1998 1403 2065 soreqaaende).

372 2086 439 2132 (trab.
455 2085 496 2123 Vnt.
510 2085 556 2132 neg.
569 2086 622 2126 seer.
635 2084 676 2123 tols.
691 2083 748 2121 111111.
763 2095 793 2121 sn.
808 2084 841 2123 xl.
855 2084 894 2123 1111.
909 2084 953 2122 'lem
968 2085 997 2122 Vl.
1014 2085 1048 2123 iel.
1071 2084 1113 2125 158.
1134 2096 1164 2133 ep.
1185 2082 1240 2122 1811).
1269 2086 1297 2122 De
1317 2083 1435 2134 adprikbede
1456 2084 1524 2122 stater
1537 2095 1567 2123 m

706 2152 712 2189 i
726 2151 819 2197 {legemr
833 2152 957 2190 bertalamius
969 2153 1005 2190 sed
1019 2162 1085 2189 sonere
1098 2146 1231 2199 larttsdtssi.

772 2378 820 2436 66.
867 2378 957 2436 1328.
1009 2379 1077 2435 itte
1098 2376 1170 2435 Juli.

441 2491 492 2543 Um
503 2492 581 2543 Paua
598 2494 670 2544 tiund
688 2492 718 2543 al
732 2492 901 2556 Hjalltlande.

440 2576 510 2628 Nota
528 2580 594 2642 quod
612 2593 681 2629 anno
699 2578 796 2628 domini
814 2588 861 2637 me
883 2588 941 2637 acet,
962 2577 1058 2640 xxviijq
1084 2578 1165 2643 pridie
1190 2579 1256 2641 ydus
1283 2576 1357 2639 maj,
1382 2576 1487 2640 graiddi
1509 2576 1569 2628 Gia-

374 2662 452 2713 ialldr
468 2663 590 2713 Ivarsson
607 2661 637 2711 ai
650 2661 809 2713 Hialltlande
827 2677 856 2711 so
875 2661 955 2711 milda
975 2663 1115 2728 pavatinnd
1141 2662 1320 2725 virdulaghom
1345 2663 1421 2712 berra
1446 2663 1568 2712 Audfinni

373 2748 474 2812 biskupi
491 2748 500 2797 i
518 2748 660 2811 Biorghnin
678 2761 710 2797 oc
728 2747 820 2799 Semini
838 2746 1037 2812 Sighnrdarsyni
1054 2746 1154 2810 iehyrdi
1166 2748 1175 2796 l
1186 2747 1416 2811 konnungsgarde:
1429 2747 1486 2797 siau
1498 2748 1568 2811 skip-

373 2835 443 2898 pund
460 2835 529 2884 nllar
545 2847 577 2884 oc
594 2835 659 2884 tainu
678 2832 808 2897 linspundi
822 2832 877 2883 iaat
893 2833 912 2894 i,
930 2847 975 2882 var
990 2830 1039 2899 pet
1056 2840 1084 2882 at
1099 2833 1250 2893 spannatale
1267 2833 1367 2883 Hiallts
1378 2839 1470 2883 sextan
1484 2849 1568 2898 spone

373 2934 404 2969 oc
422 2934 476 2967 arx.
495 2918 562 2968 ullar
578 2926 606 2968 at
623 2918 805 2969 Hiatlendzlrre
822 2918 915 2980 vaagh.

466 3001 531 3047 (Elias
545 3000 647 3040 aletrinae
661 3001 683 3039 al
695 2999 732 3039 den
746 3012 771 3040 ns
784 3002 836 3040 tatto
850 3002 957 3048 bergensis
969 3001 1075 3064 eppibogi
1089 2993 1230 3041 Bmttolinisss
1245 3001 1274 3040 lv.
1288 3001 1336 3039 aller
1348 3002 1370 3041 li.
1385 3014 1404 3050 p.
1419 2997 1477 3046 24⁶).

744 3208 792 3269 et.
839 3209 928 3268 1328.
975 3174 1209 3284 mesagna(

442 3323 576 3375 Vniuersis
604 3331 735 3389 presentes
764 3325 862 3375 litteras
892 3324 1052 3386 inspecturis.
1095 3323 1207 3387 Magnus
1226 3324 1267 3373 dei
1284 3325 1379 3387 gracia.
1423 3323 1571 3388 Norwegie.

373 3409 478 3460 Saenia.
493 3408 669 3473 Getarumque
681 3425 736 3460 rex.
755 3409 866 3459 salutem
883 3410 910 3458 in
928 3408 1033 3458 domino
1051 3406 1238 3472 sempiternam.
1273 3407 1370 3458 Notum
1387 3407 1497 3459 iacimus
1515 3411 1573 3458 vni·

374 3494 462 3544 uersis.
481 3494 625 3557 quodcum
643 3494 817 3543 sanctissimus
835 3493 975 3544 inchristo
993 3499 1067 3555 pater
1084 3494 1211 3542 dominns.
1248 3491 1379 3543 lohannes
1396 3508 1465 3558 papa
1479 3494 1573 3545 vicesi-

374 3594 430 3628 mus
448 3578 583 3628 secundus.
600 3593 648 3641 pro
666 3576 880 3641 *expungnandis
899 3577 1008 3626 inimicis
1027 3576 1124 3628 Christi
1141 3577 1257 3643 paganis.
1280 3577 1400 3627 videlieet
1416 3579 1525 3628 Rutenis
1545 3588 1574 3629 et

374 3663 493 3713 Corallis.
512 3676 649 3725 regnorum
666 3673 812 3713 nostrornm
830 3663 963 3726 presertim
971 3659 1108 3724 Norwegie
1125 3661 1265 3712 conuicinis
1283 3663 1444 3712 medietatem
1463 3662 1573 3713 dicima-

374 3763 430 3796 rum
457 3747 635 3798 sexennalimn
664 3763 698 3796 ex
725 3756 846 3811 precepto
876 3747 957 3796 felicis
987 3746 1183 3796 recordacionis.
1210 3746 1307 3796 domini
1334 3746 1473 3797 Clementis
1504 3763 1575 3812 pape

373 3832 456 3895 quinti
474 3831 640 3882 collectarum
658 3833 683 3880 in
702 3833 785 3894 regnis
803 3833 896 3881 nostris
915 3831 1044 3894 predictis,
1071 3839 1097 3882 et
1126 3833 1207 3881 eciam
1234 3831 1443 3895 colligendarum.
1471 3832 1493 3880 si
1521 3849 1575 3896 que

373 3916 469 3967 ibidem
486 3916 630 3980 colligenda
648 3925 775 3971 restarent
792 3918 866 3966 nobis
884 3916 1039 3966 concesserit
1056 3916 1180 3980 graciose,
1199 3930 1246 3980 pro
1268 3919 1359 3980 quibus
1381 3917 1482 3981 quidem
1502 3918 1576 3967 deci·

374 4001 423 4051 mis
440 4001 556 4051 leuandis
574 4009 601 4050 et
617 4002 776 4066 recipiendis.
795 4010 821 4051 et
838 4001 976 4051 medietate
994 4003 1082 4052 eadem
1101 4002 1175 4052 nobis
1193 4002 1356 4064 assignanda.
1382 4000 1497 4066 prefatus
1524 4003 1577 4054 do·

374 4087 457 4136 minus
476 4086 610 4136 Johannes
628 4103 696 4151 papa
714 4096 802 4147 mamb
825 4087 961 4136 secundus.
987 4087 1174 4136 venerabilibus
1200 4095 1227 4136 et
1255 4087 1371 4136 diseretis
1400 4086 1466 4135 viris.
1497 4085 1578 4138 iratri

374 4170 487 4221 Johanni
506 4171 538 4220 de
555 4170 660 4221 Serene.
679 4172 756 4234 priori
774 4173 964 4234 predicatorum
981 4170 1013 4220 de
1030 4172 1173 4235 llygiacho,
1191 4178 1218 4221 et
1235 4174 1358 4236 magistro
1375 4171 1512 4221 Bernardo
1542 4175 1578 4224 de

374 4255 492 4307 Ortulis:
509 4256 601 4305 rectori
627 4256 736 4305 ecclesie
763 4257 794 4306 de
818 4254 970 4305 Noualibas.
1006 4254 1177 4306 Caturcensis.
1207 4265 1233 4306 et
1258 4257 1404 4306 Eleotensis
1430 4256 1578 4308 diocesium

374 4341 475 4404 plenam
493 4350 519 4389 ct
546 4340 683 4403 specialem
706 4342 862 4391 concesserit
884 4346 1048 4402 potestatem,
1075 4342 1180 4404 qdarum
1208 4341 1364 4390 decimarum
1390 4341 1577 4393 sexennalium

374 4425 517 4476 lenatarum
535 4431 562 4472 et
579 4434 738 4489 receptarum
760 4441 805 4489 per
830 4425 1019 4475 commissarios
1045 4427 1219 4489 supradictos:
1260 4426 1367 4476 Summa
1394 4427 1512 4475 ascendit
1541 4430 1577 4478 de

374 4508 483 4559 ecclesia
502 4515 527 4556 et
545 4509 647 4571 dyocesi
676 4509 835 4560 Nidrosiensi
859 4510 892 4558 ad
916 4515 1028 4573 quatuor
1053 4509 1131 4558 milia.
1162 4513 1285 4560 ducentas
1313 4517 1371 4559 octo
1397 4511 1517 4560 marchas
1549 4523 1578 4564 et

375 4595 439 4644 duas
457 4608 516 4643 eras
536 4608 614 4655 ptrue
637 4605 739 4645 monete
760 4595 896 4646 Noricane.
942 4594 980 4644 Jn
996 4610 1046 4658 qua
1064 4593 1138 4643 totali
1157 4609 1256 4643 summa
1272 4593 1377 4643 inerunt
1394 4594 1494 4645 incluse
1512 4611 1578 4646 sex-

375 4686 447 4728 cente
466 4679 629 4742 septuaginta
647 4688 751 4742 septem.
778 4681 881 4728 marche
908 4679 1009 4741 argenti
1035 4687 1182 4742 computate
1206 4687 1232 4728 et
1254 4679 1379 4728 calculata
1402 4693 1449 4742 pro
1469 4680 1577 4732 duobus

375 4763 483 4812 milibus.
503 4764 618 4813 ducentis
636 4763 746 4813 marchis
765 4770 791 4812 et
809 4764 915 4814 duabus.
935 4762 987 4811 oris
1005 4778 1084 4826 parae
1101 4771 1202 4812 monete
1214 4761 1348 4812 Noricane.
1383 4761 1453 4813 Jtem
1471 4772 1577 4825 septem

377 4862 419 4894 ore
438 4849 469 4896 da
487 4863 550 4896 auro
569 4857 717 4913 computate
741 4856 767 4897 et
788 4848 914 4897 calculata
938 4863 984 4910 pro
1011 4849 1100 4911 viginti
1128 4854 1187 4896 octo
1214 4847 1324 4896 marchis
1351 4862 1429 4910 paruo
1456 4858 1575 4899 monete.
