3584 5625
916 455 988 530 “80

459 657 530 716 item
555 684 590 694 -
614 654 691 731 xvij.
713 674 799 715 merc.
818 656 931 731 urgenti
952 656 981 714 in
1002 675 1097 716 messe
1118 657 1253 734 ponderis
1274 657 1465 720 coloniensis.

460 758 534 816 Item
555 785 597 795 -
619 756 647 834 .j.
669 756 797 833 pixidem
818 757 881 815 euri
904 776 957 834 pro
978 776 1057 816 .xxx.
1076 757 1175 817 floren.
1196 758 1268 819 euri.

694 857 816 935 Recepit
831 857 1058 934 instrumentum
1079 859 1238 919 Jobennes.

458 1044 532 1103 Item
554 1044 700 1102 ennodii
724 1052 774 1101 ml
798 1053 862 1103 cccl
883 1044 1000 1121 xxxiiij‘!
1022 1044 1068 1103 die
1089 1045 1217 1103 secunde
1238 1045 1344 1105 mensis
1375 1045 1466 1122 Junij.
1500 1047 1562 1106 Re·

376 1146 438 1222 cepi
461 1165 514 1222 per
536 1164 637 1204 manus
658 1144 768 1204 Prioris
788 1155 816 1203 et
833 1156 993 1205 conuentus
1004 1145 1124 1205 botrum
1135 1144 1355 1205 Prodicutorum
1367 1146 1564 1224 Brugensium

376 1247 404 1306 in
426 1246 563 1304 Flendrie
583 1265 637 1323 pro
660 1247 718 1304 dfio
737 1246 852 1305 Jacobo
874 1246 1023 1323 Episcopo
1044 1247 1165 1324 Ripensi
1196 1248 1376 1306 tredencium
1398 1276 1439 1287 -
1462 1267 1565 1308 .xxxv.

375 1347 438 1406 libr.
459 1365 550 1423 gross.
573 1347 684 1406 Turon.
706 1348 741 1405 de
771 1347 895 1424 pecunie
923 1348 1052 1425 predicte
1084 1347 1196 1426 decime
1227 1356 1329 1426 mutuo
1358 1356 1479 1425 recepte
1511 1368 1565 1427 per

376 1449 483 1507 dictum
501 1449 680 1526 Episcopum
702 1469 720 1506 a
742 1447 946 1508 collectoribus
966 1449 1057 1526 ipsius
1079 1450 1189 1508 decimo
1211 1449 1241 1508 in
1263 1450 1381 1509 ciuitate
1402 1459 1432 1507 et
1454 1449 1564 1509 diocesi

374 1548 556 1627 Ripensibus.

702 1651 825 1728 Recepit
838 1650 1065 1727 jnstrumentum
1086 1652 1227 1712 lacobus.

853 1838 911 1914 iiij.
934 1838 997 1897 libr.
1020 1848 1049 1897 et
1070 1837 1118 1913 iij.
1140 1838 1192 1897 sol.
1217 1857 1308 1916 gross.
1330 1840 1443 1899 Turon.

852 1923 898 1980 ix.
920 1922 984 1981 libr.
1006 1932 1035 1981 et
1056 1922 1112 1998 .vij.
1133 1924 1185 1982 sol.
1207 1923 1420 2000 sterlingorum.

852 2006 951 2083 ccciij.
972 2008 1070 2067 floren.
1093 2008 1185 2084 perui.

377 2088 441 2169 [opi
472 2093 592 2153 Summe
614 2092 699 2150 huius
721 2091 826 2168 pagine
852 2091 898 2150 lv.
922 2094 986 2151 den.
1008 2093 1071 2152 euri
1093 2093 1129 2150 de
1151 2112 1255 2154 masso.

551 2204 553 2209 =
853 2176 908 2252 .xij.
931 2177 999 2252 ogni
1018 2177 1092 2235 ouri.

785 2289 794 2308 ·
852 2261 928 2338 pixis
950 2262 1012 2320 auri
1035 2281 1088 2338 pro
1110 2281 1189 2319 .xxx.
1212 2263 1309 2322 floren.
1332 2263 1438 2340 pernis.

852 2327 930 2422 nvi.
951 2365 1039 2406 merc.
1060 2347 1172 2422 urgenti
1193 2348 1327 2424 ponderis
1350 2347 1541 2408 coloniensis.

274 2836 306 2874 n.
315 2835 339 2874 ee
348 2836 367 2873 e.
377 2803 429 2875 De
454 2804 595 2899 receptis
622 2826 668 2875 ex
693 2802 779 2875 dicta
806 2801 934 2874 decima
965 2803 999 2873 in
1030 2804 1161 2874 ciuitate
1194 2812 1226 2873 el
1265 2801 1390 2875 diocesi
1424 2800 1563 2876 Slcsvi-
1638 2780 1643 2790 ’

716 2921 870 2994 censibus
898 2926 931 2992 in
957 2923 1077 3013 Regno
1103 2921 1218 2992 Deoie.

459 3099 547 3155 Anno
570 3096 618 3154 dni
642 3104 693 3153 .m⁰.
716 3103 779 3154 ccc‘!
800 3095 895 3171 xxxijr
916 3096 1026 3172 Recepi
1049 3114 1067 3152 e
1089 3095 1157 3151 diro.
1190 3094 1335 3154 Nicholeo
1355 3093 1510 3170 Proposito
1533 3097 1563 3153 in

375 3198 493 3256 Withoa
512 3199 650 3256 canonico
664 3196 844 3256 sleswicensi
866 3197 977 3272 pridem
1000 3195 1155 3254 collectore
1177 3195 1286 3253 decime
1308 3196 1473 3253 sexennelis
1495 3215 1562 3272 pre·

375 3299 451 3358 dicte
471 3300 499 3358 in
523 3298 639 3358 ciuitate
662 3308 690 3357 et
712 3297 819 3357 diocesi
840 3297 1078 3359 Slcswicensibus
1100 3323 1140 3334 -
1160 3296 1227 3371 .viij.
1254 3297 1321 3355 libr.
1347 3297 1562 3371 sterlingorum.

816 3531 1006 3539 ..Μ-
1015 3531 1072 3537 --.
1107 3531 1117 3537 .-

435 3752 486 3825 De
512 3753 654 3846 receptis
682 3772 726 3822 ex
752 3751 881 3823 decima
907 3750 1080 3823 sexenneli
1105 3752 1139 3820 in
1166 3751 1298 3820 ciuitate
1324 3757 1359 3819 el
1384 3748 1510 3820 diocesi
1592 3728 1594 3732 ⁵
1657 3773 1662 3781 ·

845 3869 1095 3942 Arusiensibus.

461 4047 548 4103 Anno
571 4043 619 4119 dej
642 4051 691 4102 ‚ml
714 4051 777 4102 cccl
798 4042 914 4119 xxxiiij‘!
936 4044 981 4101 die
1010 4042 1087 4118 .xxij.
1120 4041 1224 4099 mensis
1255 4039 1336 4115 Julij.
1369 4039 1477 4116 Recepi
1509 4059 1564 4117 per

377 4165 478 4205 manus
496 4144 639 4205 Jobannis
660 4145 795 4204 Nicholui
818 4144 915 4204 clerici
936 4144 1106 4202 Lundensis.
1129 4162 1146 4200 a
1168 4143 1226 4199 dfio
1252 4143 1386 4201 Jobenne
1408 4141 1563 4217 archidya-

377 4266 451 4306 cono
483 4246 636 4305 Arusiensi
673 4247 827 4305 collectore
867 4246 978 4304 decime
1015 4244 1179 4304 sexannulis
1211 4244 1344 4302 restantis
1376 4243 1499 4301 insolute
1531 4244 1562 4300 in

377 4348 496 4406 ciuitate
518 4357 547 4404 et
568 4347 893 4407 diocesiArusiensibus
915 4349 952 4405 de
972 4347 1095 4423 pecunia
1117 4346 1240 4404 collecta
1262 4364 1314 4421 per
1336 4363 1401 4402 eum
1424 4362 1461 4401 ex
1482 4343 1563 4401 dictu

377 4450 489 4507 decime
512 4482 551 4493 -
573 4449 619 4524 .xj.
641 4450 693 4508 sol.
715 4469 806 4526 gross.
828 4449 938 4508 Turon.
1097 4506 1099 4512 .

842 4549 954 4608 Habuit
975 4549 1093 4607 litteras.

379 4757 444 4836 [ap]
476 4760 597 4822 Summa
618 4761 703 4820 huius
723 4762 828 4836 pagine
854 4717 921 4860 ’ζῷ’
942 4719 1006 4859 ulbr'
1026 4717 1237 4859 soerlissfflum‘
1266 4802 1273 4815 .

855 4847 860 4861 .
878 4825 901 4878 J.
923 4823 974 4861 so.
995 4821 1086 4878 gross.
1140 4820 1333 4859 uronensrum.
