<?xml version="1.0" encoding="UTF-8"?>
<!DOCTYPE html PUBLIC "-//W3C//DTD XHTML 1.0 Transitional//EN"
    "http://www.w3.org/TR/xhtml1/DTD/xhtml1-transitional.dtd">
<html xmlns="http://www.w3.org/1999/xhtml" xml:lang="en" lang="en">
 <head>
  <title>
</title>
<meta http-equiv="Content-Type" content="text/html;charset=utf-8" />
  <meta name='ocr-system' content='tesseract 3.04.00' />
  <meta name='ocr-capabilities' content='ocr_page ocr_carea ocr_par ocr_line ocrx_word'/>
</head>
<body>
  <div class='ocr_page' id='page_1' title='image "./paveligenuntier00nuncgoog_0140.png"; bbox 0 0 3584 5625; ppageno 0'>
   <div class='ocr_carea' id='block_1_1' title="bbox 892 483 950 538">
    <p class='ocr_par' dir='ltr' id='par_1_1' title="bbox 892 483 950 538">
     <span class='ocr_line' id='line_1_1' title="bbox 892 483 950 538; baseline -0.017 0"><span class='ocrx_word' id='word_1_1' title='bbox 892 483 950 538; x_wconf 64' lang='lat'>12⁸</span> 
     </span>
    </p>
   </div>
   <div class='ocr_carea' id='block_1_2' title="bbox 227 665 1520 2095">
    <p class='ocr_par' dir='ltr' id='par_1_2' title="bbox 329 665 1520 848">
     <span class='ocr_line' id='line_1_2' title="bbox 329 665 1520 746; baseline -0.003 -18"><span class='ocrx_word' id='word_1_2' title='bbox 329 671 424 746; x_wconf 82' lang='lat' dir='ltr'>pensis</span> <span class='ocrx_word' id='word_1_3' title='bbox 445 678 691 745; x_wconf 82' lang='lat' dir='ltr'>reeuperauerunt</span> <span class='ocrx_word' id='word_1_4' title='bbox 712 678 770 727; x_wconf 86' lang='lat' dir='ltr'>tres</span> <span class='ocrx_word' id='word_1_5' title='bbox 792 677 821 725; x_wconf 87' lang='lat' dir='ltr'>et</span> <span class='ocrx_word' id='word_1_6' title='bbox 843 678 978 743; x_wconf 82' lang='lat' dir='ltr'>quartum</span> <span class='ocrx_word' id='word_1_7' title='bbox 1001 668 1187 743; x_wconf 87' lang='lat' dir='ltr'>perdiderunt</span> <span class='ocrx_word' id='word_1_8' title='bbox 1219 668 1269 744; x_wconf 87' lang='lat' dir='ltr'>qui</span> <span class='ocrx_word' id='word_1_9' title='bbox 1301 666 1388 725; x_wconf 85' lang='lat' dir='ltr'>vendi</span> <span class='ocrx_word' id='word_1_10' title='bbox 1421 665 1520 743; x_wconf 88' lang='lat' dir='ltr'>potuit</span> 
     </span>
     <span class='ocr_line' id='line_1_3' title="bbox 329 769 1100 848; baseline -0.005 -19"><span class='ocrx_word' id='word_1_11' title='bbox 329 772 430 848; x_wconf 86' lang='lat' dir='ltr'>Lybek</span> <span class='ocrx_word' id='word_1_12' title='bbox 452 790 504 847; x_wconf 90' lang='lat' dir='ltr'>pro</span> <span class='ocrx_word' id='word_1_13' title='bbox 526 798 566 807; x_wconf 93' lang='lat'>-</span> <span class='ocrx_word' id='word_1_14' title='bbox 590 790 666 827; x_wconf 64' lang='lat' dir='ltr'>xxx.</span> <span class='ocrx_word' id='word_1_15' title='bbox 689 770 741 828; x_wconf 88' lang='lat' dir='ltr'>sol.</span> <span class='ocrx_word' id='word_1_16' title='bbox 762 789 854 846; x_wconf 87' lang='lat' dir='ltr'>gross.</span> <span class='ocrx_word' id='word_1_17' title='bbox 876 769 1100 827; x_wconf 83' lang='lat' dir='ltr'>Turonensium.</span> 
     </span>
    </p>

    <p class='ocr_par' dir='ltr' id='par_1_3' title="bbox 412 869 1518 948">
     <span class='ocr_line' id='line_1_4' title="bbox 412 869 1518 948; baseline -0.001 -18"><span class='ocrx_word' id='word_1_18' title='bbox 412 873 485 930; x_wconf 85' lang='lat' dir='ltr'>Item</span> <span class='ocrx_word' id='word_1_19' title='bbox 507 871 693 948; x_wconf 85' lang='lat' dir='ltr'>perdiderunt</span> <span class='ocrx_word' id='word_1_20' title='bbox 714 872 853 946; x_wconf 78' lang='lat' dir='ltr'><strong>pecunias</strong></span> <span class='ocrx_word' id='word_1_21' title='bbox 874 889 942 928; x_wconf 84' lang='lat' dir='ltr'>suas</span> <span class='ocrx_word' id='word_1_22' title='bbox 964 880 993 928; x_wconf 90' lang='lat' dir='ltr'>st</span> <span class='ocrx_word' id='word_1_23' title='bbox 1014 890 1093 929; x_wconf 82' lang='lat' dir='ltr'>meas</span> <span class='ocrx_word' id='word_1_24' title='bbox 1114 889 1187 945; x_wconf 84' lang='lat' dir='ltr'>quas</span> <span class='ocrx_word' id='word_1_25' title='bbox 1209 871 1250 928; x_wconf 89' lang='lat' dir='ltr'>eis</span> <span class='ocrx_word' id='word_1_26' title='bbox 1271 869 1447 946; x_wconf 78' lang='lat' dir='ltr'><strong>reliqueram</strong></span> <span class='ocrx_word' id='word_1_27' title='bbox 1462 889 1518 946; x_wconf 88' lang='lat' dir='ltr'>pro</span> 
     </span>
    </p>

    <p class='ocr_par' dir='ltr' id='par_1_4' title="bbox 233 970 1385 1057">
     <span class='ocr_line' id='line_1_5' title="bbox 233 970 1385 1057; baseline -0.001 -28"><span class='ocrx_word' id='word_1_28' title='bbox 233 1039 236 1046; x_wconf 26' lang='lat'>¹</span> <span class='ocrx_word' id='word_1_29' title='bbox 330 974 464 1049; x_wconf 84' lang='lat' dir='ltr'>expensis</span> <span class='ocrx_word' id='word_1_30' title='bbox 485 973 544 1031; x_wconf 90' lang='lat' dir='ltr'>suis</span> <span class='ocrx_word' id='word_1_31' title='bbox 566 973 603 1029; x_wconf 80' lang='lat' dir='ltr'>ad</span> <span class='ocrx_word' id='word_1_32' title='bbox 625 972 754 1030; x_wconf 83' lang='lat' dir='ltr'>valorem</span> <span class='ocrx_word' id='word_1_33' title='bbox 767 1001 804 1057; x_wconf 57' lang='lat'>0·-</span> <span class='ocrx_word' id='word_1_34' title='bbox 840 970 949 1045; x_wconf 74' lang='lat' dir='ltr'><strong>miij,</strong></span> <span class='ocrx_word' id='word_1_35' title='bbox 971 971 1023 1029; x_wconf 90' lang='lat' dir='ltr'>sol.</span> <span class='ocrx_word' id='word_1_36' title='bbox 1045 990 1136 1048; x_wconf 90' lang='lat' dir='ltr'>gross.</span> <span class='ocrx_word' id='word_1_37' title='bbox 1158 972 1385 1030; x_wconf 85' lang='lat' dir='ltr'>Turonensium.</span> 
     </span>
    </p>

    <p class='ocr_par' dir='ltr' id='par_1_5' title="bbox 327 1072 1519 1356">
     <span class='ocr_line' id='line_1_6' title="bbox 411 1072 1518 1150; baseline -0.003 -19"><span class='ocrx_word' id='word_1_38' title='bbox 411 1074 485 1131; x_wconf 88' lang='lat' dir='ltr'>Item</span> <span class='ocrx_word' id='word_1_39' title='bbox 506 1074 692 1150; x_wconf 85' lang='lat' dir='ltr'>perdiderunt</span> <span class='ocrx_word' id='word_1_40' title='bbox 713 1073 742 1129; x_wconf 90' lang='lat' dir='ltr'>in</span> <span class='ocrx_word' id='word_1_41' title='bbox 765 1073 843 1131; x_wconf 87' lang='lat' dir='ltr'>dicto</span> <span class='ocrx_word' id='word_1_42' title='bbox 865 1073 958 1148; x_wconf 89' lang='lat' dir='ltr'>spolio</span> <span class='ocrx_word' id='word_1_43' title='bbox 981 1093 1016 1130; x_wconf 84' lang='lat' dir='ltr'>.v.</span> <span class='ocrx_word' id='word_1_44' title='bbox 1038 1072 1126 1145; x_wconf 78' lang='lat' dir='ltr'>frena,</span> <span class='ocrx_word' id='word_1_45' title='bbox 1159 1091 1245 1129; x_wconf 69' lang='lat' dir='ltr'><strong>vnum</strong></span> <span class='ocrx_word' id='word_1_46' title='bbox 1279 1072 1391 1143; x_wconf 76' lang='lat' dir='ltr'>sellem,</span> <span class='ocrx_word' id='word_1_47' title='bbox 1426 1090 1518 1129; x_wconf 87' lang='lat' dir='ltr'><strong>vnum</strong></span> 
     </span>
     <span class='ocr_line' id='line_1_7' title="bbox 327 1172 1519 1249; baseline 0 -18"><span class='ocrx_word' id='word_1_48' title='bbox 327 1174 502 1247; x_wconf 80' lang='lat' dir='ltr'>linthiamen,</span> <span class='ocrx_word' id='word_1_49' title='bbox 525 1174 666 1245; x_wconf 79' lang='lat' dir='ltr'>camisias,</span> <span class='ocrx_word' id='word_1_50' title='bbox 687 1172 796 1249; x_wconf 81' lang='lat' dir='ltr'>caligas</span> <span class='ocrx_word' id='word_1_51' title='bbox 819 1184 848 1233; x_wconf 89' lang='lat' dir='ltr'>et</span> <span class='ocrx_word' id='word_1_52' title='bbox 869 1174 942 1233; x_wconf 76' lang='lat' dir='ltr'>alies</span> <span class='ocrx_word' id='word_1_53' title='bbox 963 1194 1008 1232; x_wconf 89' lang='lat' dir='ltr'>res</span> <span class='ocrx_word' id='word_1_54' title='bbox 1030 1174 1159 1233; x_wconf 82' lang='lat' dir='ltr'>diuersas</span> <span class='ocrx_word' id='word_1_55' title='bbox 1180 1173 1217 1230; x_wconf 80' lang='lat' dir='ltr'>ad</span> <span class='ocrx_word' id='word_1_56' title='bbox 1250 1173 1380 1232; x_wconf 67' lang='lat' dir='ltr'>valorem</span> <span class='ocrx_word' id='word_1_57' title='bbox 1416 1201 1456 1211; x_wconf 94' lang='lat'>-</span> <span class='ocrx_word' id='word_1_58' title='bbox 1481 1192 1519 1232; x_wconf 86' lang='lat' dir='ltr'>.v.</span> 
     </span>
     <span class='ocr_line' id='line_1_8' title="bbox 327 1273 1160 1356; baseline -0.006 -23"><span class='ocrx_word' id='word_1_59' title='bbox 327 1275 379 1333; x_wconf 86' lang='lat' dir='ltr'>sol.</span> <span class='ocrx_word' id='word_1_60' title='bbox 400 1294 490 1351; x_wconf 71' lang='lat' dir='ltr'>gross.</span> <span class='ocrx_word' id='word_1_61' title='bbox 512 1273 733 1333; x_wconf 83' lang='lat' dir='ltr'>Turonensiuin.</span> <span class='ocrx_word' id='word_1_62' title='bbox 1158 1351 1160 1356; x_wconf 28' lang='grc' dir='ltr'>Ι</span> 
     </span>
    </p>

    <p class='ocr_par' dir='ltr' id='par_1_6' title="bbox 327 1376 1517 1554">
     <span class='ocr_line' id='line_1_9' title="bbox 411 1376 1517 1453; baseline -0.002 -19"><span class='ocrx_word' id='word_1_63' title='bbox 411 1378 483 1434; x_wconf 86' lang='lat' dir='ltr'>Item</span> <span class='ocrx_word' id='word_1_64' title='bbox 506 1378 693 1453; x_wconf 88' lang='lat' dir='ltr'>perdiderunt</span> <span class='ocrx_word' id='word_1_65' title='bbox 714 1395 855 1452; x_wconf 80' lang='lat' dir='ltr'>expensas</span> <span class='ocrx_word' id='word_1_66' title='bbox 877 1376 906 1432; x_wconf 91' lang='lat' dir='ltr'>in</span> <span class='ocrx_word' id='word_1_67' title='bbox 928 1376 995 1434; x_wconf 86' lang='lat' dir='ltr'>naui</span> <span class='ocrx_word' id='word_1_68' title='bbox 1017 1396 1070 1451; x_wconf 86' lang='lat' dir='ltr'>pro</span> <span class='ocrx_word' id='word_1_69' title='bbox 1092 1377 1197 1451; x_wconf 86' lang='lat' dir='ltr'>quibus</span> <span class='ocrx_word' id='word_1_70' title='bbox 1218 1376 1517 1436; x_wconf 80' lang='lat' dir='ltr'>solueruntvnaeum</span> 
     </span>
     <span class='ocr_line' id='line_1_10' title="bbox 327 1476 1401 1554; baseline -0.002 -20"><span class='ocrx_word' id='word_1_71' title='bbox 327 1476 435 1554; x_wconf 77' lang='lat' dir='ltr'>pabulo</span> <span class='ocrx_word' id='word_1_72' title='bbox 458 1497 598 1553; x_wconf 84' lang='lat' dir='ltr'>equorum</span> <span class='ocrx_word' id='word_1_73' title='bbox 621 1506 659 1514; x_wconf 92' lang='lat'>-</span> <span class='ocrx_word' id='word_1_74' title='bbox 682 1476 737 1550; x_wconf 88' lang='lat' dir='ltr'>.vij.</span> <span class='ocrx_word' id='word_1_75' title='bbox 759 1477 811 1535; x_wconf 90' lang='lat' dir='ltr'>sol.</span> <span class='ocrx_word' id='word_1_76' title='bbox 835 1497 901 1535; x_wconf 88' lang='lat' dir='ltr'>cum</span> <span class='ocrx_word' id='word_1_77' title='bbox 924 1478 1042 1535; x_wconf 89' lang='lat' dir='ltr'>dimidio</span> <span class='ocrx_word' id='word_1_78' title='bbox 1064 1496 1153 1553; x_wconf 78' lang='lat' dir='ltr'>gross</span> <span class='ocrx_word' id='word_1_79' title='bbox 1178 1476 1401 1535; x_wconf 85' lang='lat' dir='ltr'>Turonensium.</span> 
     </span>
    </p>

    <p class='ocr_par' dir='ltr' id='par_1_7' title="bbox 326 1578 1516 1958">
     <span class='ocr_line' id='line_1_11' title="bbox 411 1578 1516 1654; baseline 0.001 -19"><span class='ocrx_word' id='word_1_80' title='bbox 411 1579 485 1635; x_wconf 88' lang='lat' dir='ltr'>Item</span> <span class='ocrx_word' id='word_1_81' title='bbox 507 1578 622 1635; x_wconf 85' lang='lat' dir='ltr'>fuerunt</span> <span class='ocrx_word' id='word_1_82' title='bbox 642 1578 764 1636; x_wconf 82' lang='lat' dir='ltr'>clericus</span> <span class='ocrx_word' id='word_1_83' title='bbox 787 1588 815 1636; x_wconf 91' lang='lat' dir='ltr'>et</span> <span class='ocrx_word' id='word_1_84' title='bbox 836 1578 960 1638; x_wconf 75' lang='lat' dir='ltr'>santulus</span> <span class='ocrx_word' id='word_1_85' title='bbox 983 1580 1133 1637; x_wconf 81' lang='lat' dir='ltr'>memorati</span> <span class='ocrx_word' id='word_1_86' title='bbox 1165 1578 1259 1636; x_wconf 80' lang='lat' dir='ltr'>coacti</span> <span class='ocrx_word' id='word_1_87' title='bbox 1292 1597 1345 1654; x_wconf 85' lang='lat' dir='ltr'>per</span> <span class='ocrx_word' id='word_1_88' title='bbox 1379 1578 1516 1636; x_wconf 80' lang='lat' dir='ltr'>consules</span> 
     </span>
     <span class='ocr_line' id='line_1_12' title="bbox 327 1677 1516 1755; baseline -0.002 -17"><span class='ocrx_word' id='word_1_89' title='bbox 327 1680 451 1739; x_wconf 79' lang='lat' dir='ltr'>ciuitatis</span> <span class='ocrx_word' id='word_1_90' title='bbox 474 1680 701 1755; x_wconf 84' lang='lat' dir='ltr'>Hamburgensis</span> <span class='ocrx_word' id='word_1_91' title='bbox 723 1679 760 1736; x_wconf 85' lang='lat' dir='ltr'>ad</span> <span class='ocrx_word' id='word_1_92' title='bbox 783 1679 954 1737; x_wconf 86' lang='lat' dir='ltr'>soluendum</span> <span class='ocrx_word' id='word_1_93' title='bbox 977 1691 1065 1738; x_wconf 85' lang='lat' dir='ltr'>naute</span> <span class='ocrx_word' id='word_1_94' title='bbox 1087 1699 1139 1755; x_wconf 90' lang='lat' dir='ltr'>pro</span> <span class='ocrx_word' id='word_1_95' title='bbox 1172 1678 1260 1736; x_wconf 84' lang='lat' dir='ltr'><strong>naulo</strong></span> <span class='ocrx_word' id='word_1_96' title='bbox 1292 1697 1346 1738; x_wconf 86' lang='lat' dir='ltr'>suo</span> <span class='ocrx_word' id='word_1_97' title='bbox 1379 1677 1516 1754; x_wconf 86' lang='lat' dir='ltr'>quamuis</span> 
     </span>
     <span class='ocr_line' id='line_1_13' title="bbox 326 1781 1513 1855; baseline -0.003 -16"><span class='ocrx_word' id='word_1_98' title='bbox 326 1801 384 1839; x_wconf 88' lang='lat' dir='ltr'>non</span> <span class='ocrx_word' id='word_1_99' title='bbox 406 1782 535 1839; x_wconf 86' lang='lat' dir='ltr'>duxisset</span> <span class='ocrx_word' id='word_1_100' title='bbox 555 1800 604 1838; x_wconf 83' lang='lat' dir='ltr'>eos</span> <span class='ocrx_word' id='word_1_101' title='bbox 624 1781 679 1839; x_wconf 91' lang='lat' dir='ltr'>nisi</span> <span class='ocrx_word' id='word_1_102' title='bbox 700 1782 737 1838; x_wconf 84' lang='lat' dir='ltr'>ad</span> <span class='ocrx_word' id='word_1_103' title='bbox 760 1782 806 1839; x_wconf 76' lang='lat' dir='ltr'>ix.</span> <span class='ocrx_word' id='word_1_104' title='bbox 827 1781 958 1855; x_wconf 82' lang='lat' dir='ltr'>miliaria,</span> <span class='ocrx_word' id='word_1_105' title='bbox 979 1782 1114 1840; x_wconf 83' lang='lat' dir='ltr'>videlieet</span> <span class='ocrx_word' id='word_1_106' title='bbox 1135 1781 1173 1838; x_wconf 82' lang='lat' dir='ltr'>ad</span> <span class='ocrx_word' id='word_1_107' title='bbox 1195 1790 1311 1855; x_wconf 87' lang='lat' dir='ltr'>portum</span> <span class='ocrx_word' id='word_1_108' title='bbox 1345 1781 1432 1841; x_wconf 72' lang='lat' dir='ltr'>Stera</span> <span class='ocrx_word' id='word_1_109' title='bbox 1463 1781 1513 1838; x_wconf 90' lang='lat' dir='ltr'>ubi</span> 
     </span>
     <span class='ocr_line' id='line_1_14' title="bbox 326 1881 1392 1958; baseline -0.001 -17"><span class='ocrx_word' id='word_1_110' title='bbox 326 1884 442 1941; x_wconf 76' lang='lat' dir='ltr'>fuerunt</span> <span class='ocrx_word' id='word_1_111' title='bbox 461 1881 577 1958; x_wconf 83' lang='lat' dir='ltr'>spoliati</span> <span class='ocrx_word' id='word_1_112' title='bbox 600 1910 640 1920; x_wconf 92' lang='lat'>-</span> <span class='ocrx_word' id='word_1_113' title='bbox 661 1882 728 1957; x_wconf 58' lang='lat' dir='ltr'>xiij.</span> <span class='ocrx_word' id='word_1_114' title='bbox 750 1882 802 1941; x_wconf 89' lang='lat' dir='ltr'>sol.</span> <span class='ocrx_word' id='word_1_115' title='bbox 826 1901 892 1941; x_wconf 86' lang='lat' dir='ltr'>eum</span> <span class='ocrx_word' id='word_1_116' title='bbox 914 1884 1031 1941; x_wconf 88' lang='lat' dir='ltr'>dimidio</span> <span class='ocrx_word' id='word_1_117' title='bbox 1053 1902 1144 1958; x_wconf 84' lang='lat' dir='ltr'>gross.</span> <span class='ocrx_word' id='word_1_118' title='bbox 1169 1883 1392 1942; x_wconf 84' lang='lat' dir='ltr'>Turonensium.</span> 
     </span>
    </p>

    <p class='ocr_par' dir='ltr' id='par_1_8' title="bbox 227 1983 1512 2095">
     <span class='ocr_line' id='line_1_15' title="bbox 227 1983 1512 2095; baseline -0.002 -53"><span class='ocrx_word' id='word_1_119' title='bbox 227 2058 286 2095; x_wconf 54' lang='grc' dir='ltr'><strong>Μ</strong></span> <span class='ocrx_word' id='word_1_120' title='bbox 299 2060 309 2094; x_wconf 56' lang='lat' dir='ltr'>b</span> <span class='ocrx_word' id='word_1_121' title='bbox 411 1985 484 2042; x_wconf 87' lang='lat' dir='ltr'>Item</span> <span class='ocrx_word' id='word_1_122' title='bbox 507 1984 656 2041; x_wconf 86' lang='lat' dir='ltr'>soluerunt</span> <span class='ocrx_word' id='word_1_123' title='bbox 678 1984 746 2042; x_wconf 85' lang='lat' dir='ltr'>dieti</span> <span class='ocrx_word' id='word_1_124' title='bbox 768 1985 889 2043; x_wconf 81' lang='lat' dir='ltr'>clericus</span> <span class='ocrx_word' id='word_1_125' title='bbox 901 1992 930 2042; x_wconf 88' lang='lat' dir='ltr'>et</span> <span class='ocrx_word' id='word_1_126' title='bbox 940 1984 1063 2044; x_wconf 84' lang='lat' dir='ltr'>famulus</span> <span class='ocrx_word' id='word_1_127' title='bbox 1075 1983 1278 2060; x_wconf 85' lang='lat' dir='ltr'>prosequendo</span> <span class='ocrx_word' id='word_1_128' title='bbox 1294 1984 1512 2042; x_wconf 87' lang='lat' dir='ltr'>restitucionem</span> 
     </span>
    </p>
   </div>
   <div class='ocr_carea' id='block_1_3' title="bbox 226 2083 1404 2197">
    <p class='ocr_par' dir='ltr' id='par_1_9' title="bbox 226 2083 1404 2197">
     <span class='ocr_line' id='line_1_16' title="bbox 233 2083 1404 2197; baseline -0.003 -51"><span class='ocrx_word' id='word_1_129' title='bbox 233 2122 253 2197; x_wconf 53' lang='grc' dir='ltr'>ἵ</span> <span class='ocrx_word' id='word_1_130' title='bbox 267 2109 313 2146; x_wconf 64' lang='lat' dir='ltr'>use.</span> <span class='ocrx_word' id='word_1_131' title='bbox 325 2105 464 2163; x_wconf 87' lang='lat' dir='ltr'>equorum</span> <span class='ocrx_word' id='word_1_132' title='bbox 477 2095 515 2144; x_wconf 79' lang='lat' dir='ltr'>‘et</span> <span class='ocrx_word' id='word_1_133' title='bbox 536 2105 631 2143; x_wconf 88' lang='lat' dir='ltr'>rerum</span> <span class='ocrx_word' id='word_1_134' title='bbox 654 2086 831 2161; x_wconf 86' lang='lat' dir='ltr'>perditorum</span> <span class='ocrx_word' id='word_1_135' title='bbox 857 2114 891 2122; x_wconf 91' lang='lat'><em>-</em></span> <span class='ocrx_word' id='word_1_136' title='bbox 917 2106 955 2144; x_wconf 67' lang='lat' dir='ltr'>rr.</span> <span class='ocrx_word' id='word_1_137' title='bbox 977 2086 1030 2145; x_wconf 86' lang='lat' dir='ltr'>sol.</span> <span class='ocrx_word' id='word_1_138' title='bbox 1051 2106 1142 2163; x_wconf 86' lang='lat' dir='ltr'>gross</span> <span class='ocrx_word' id='word_1_139' title='bbox 1165 2083 1404 2144; x_wconf 84' lang='lat' dir='ltr'>Turonensium.¹</span> 
     </span>
     <span class='ocr_line' id='line_1_17' title="bbox 226 2171 304 2197; baseline -0.013 0"><span class='ocrx_word' id='word_1_140' title='bbox 226 2172 235 2197; x_wconf 86' lang='grc' dir='ltr'>Ι</span> <span class='ocrx_word' id='word_1_141' title='bbox 249 2171 304 2197; x_wconf 65' lang='lat' dir='ltr'>few!</span> 
     </span>
    </p>
   </div>
   <div class='ocr_carea' id='block_1_4' title="bbox 766 2332 1067 2342">
    <p class='ocr_par' dir='ltr' id='par_1_10' title="bbox 766 2332 1067 2342">
     <span class='ocr_line' id='line_1_18' title="bbox 766 2332 1067 2342; baseline 0.003 -1"><span class='ocrx_word' id='word_1_142' title='bbox 766 2332 1067 2342; x_wconf 55' lang='lat' dir='ltr'><strong><em>m</em></strong></span> 
     </span>
    </p>
   </div>
   <div class='ocr_carea' id='block_1_5' title="bbox 226 2547 1300 2651">
    <p class='ocr_par' dir='ltr' id='par_1_11' title="bbox 226 2547 1300 2651">
     <span class='ocr_line' id='line_1_19' title="bbox 226 2547 1300 2651; baseline -0.005 -26"><span class='ocrx_word' id='word_1_143' title='bbox 226 2583 325 2628; x_wconf 49' lang='lat' dir='ltr'>risere</span> <span class='ocrx_word' id='word_1_144' title='bbox 539 2549 619 2626; x_wconf 78' lang='lat' dir='ltr'>Hes</span> <span class='ocrx_word' id='word_1_145' title='bbox 650 2559 732 2624; x_wconf 85' lang='lat' dir='ltr'>sunt</span> <span class='ocrx_word' id='word_1_146' title='bbox 764 2547 941 2625; x_wconf 76' lang='lat' dir='ltr'>beneficia</span> <span class='ocrx_word' id='word_1_147' title='bbox 975 2574 1046 2651; x_wconf 83' lang='lat' dir='ltr'>que</span> <span class='ocrx_word' id='word_1_148' title='bbox 1080 2556 1300 2622; x_wconf 72' lang='lat' dir='ltr'>t&#39;aeauerunt</span> 
     </span>
    </p>
   </div>
   <div class='ocr_carea' id='block_1_6' title="bbox 324 2693 1507 3028">
    <p class='ocr_par' dir='ltr' id='par_1_12' title="bbox 324 2693 1507 3028">
     <span class='ocr_line' id='line_1_20' title="bbox 326 2693 1507 2787; baseline -0.006 -21"><span class='ocrx_word' id='word_1_149' title='bbox 326 2700 357 2766; x_wconf 89' lang='lat' dir='ltr'>in</span> <span class='ocrx_word' id='word_1_150' title='bbox 384 2700 514 2767; x_wconf 84' lang='lat' dir='ltr'>ciuitate</span> <span class='ocrx_word' id='word_1_151' title='bbox 547 2706 580 2765; x_wconf 87' lang='lat' dir='ltr'>et</span> <span class='ocrx_word' id='word_1_152' title='bbox 618 2694 744 2764; x_wconf 84' lang='lat' dir='ltr'>diocesi</span> <span class='ocrx_word' id='word_1_153' title='bbox 782 2693 1021 2787; x_wconf 84' lang='lat' dir='ltr'>Vpsalensibus</span> <span class='ocrx_word' id='word_1_154' title='bbox 1060 2715 1120 2787; x_wconf 88' lang='lat' dir='ltr'>per</span> <span class='ocrx_word' id='word_1_155' title='bbox 1161 2693 1343 2779; x_wconf 61' lang='lat' dir='ltr'>Bienniurm</span> <span class='ocrx_word' id='word_1_156' title='bbox 1371 2711 1507 2785; x_wconf 84' lang='lat' dir='ltr'>quorum</span> 
     </span>
     <span class='ocr_line' id='line_1_21' title="bbox 324 2809 1507 2907; baseline -0.005 -23"><span class='ocrx_word' id='word_1_157' title='bbox 324 2811 450 2885; x_wconf 79' lang='lat' dir='ltr'>fruetus</span> <span class='ocrx_word' id='word_1_158' title='bbox 476 2816 570 2907; x_wconf 89' lang='lat' dir='ltr'>primi</span> <span class='ocrx_word' id='word_1_159' title='bbox 597 2818 671 2884; x_wconf 82' lang='lat' dir='ltr'>anni</span> <span class='ocrx_word' id='word_1_160' title='bbox 697 2812 830 2885; x_wconf 83' lang='lat' dir='ltr'>fuerunt</span> <span class='ocrx_word' id='word_1_161' title='bbox 855 2835 915 2906; x_wconf 85' lang='lat' dir='ltr'>per</span> <span class='ocrx_word' id='word_1_162' title='bbox 947 2811 1060 2884; x_wconf 89' lang='lat' dir='ltr'>sedern</span> <span class='ocrx_word' id='word_1_163' title='bbox 1094 2809 1310 2905; x_wconf 83' lang='lat' dir='ltr'>apostolicam</span> <span class='ocrx_word' id='word_1_164' title='bbox 1348 2810 1507 2881; x_wconf 81' lang='lat' dir='ltr'>reseruati</span> 
     </span>
     <span class='ocr_line' id='line_1_22' title="bbox 721 2932 1128 3028; baseline -0.007 -26"><span class='ocrx_word' id='word_1_165' title='bbox 721 2943 753 3003; x_wconf 87' lang='lat' dir='ltr'>et</span> <span class='ocrx_word' id='word_1_166' title='bbox 779 2932 877 3003; x_wconf 85' lang='lat' dir='ltr'>soluti</span> <span class='ocrx_word' id='word_1_167' title='bbox 903 2942 941 3003; x_wconf 87' lang='lat' dir='ltr'>vt</span> <span class='ocrx_word' id='word_1_168' title='bbox 972 2936 1128 3028; x_wconf 83' lang='lat' dir='ltr'>sequitur.</span> 
     </span>
    </p>
   </div>
   <div class='ocr_carea' id='block_1_7' title="bbox 326 3104 1505 3387">
    <p class='ocr_par' dir='ltr' id='par_1_13' title="bbox 326 3104 1505 3387">
     <span class='ocr_line' id='line_1_23' title="bbox 409 3104 1030 3193; baseline 0 -29"><span class='ocrx_word' id='word_1_169' title='bbox 409 3107 508 3165; x_wconf 89' lang='lat' dir='ltr'>Primo</span> <span class='ocrx_word' id='word_1_170' title='bbox 529 3104 558 3164; x_wconf 91' lang='lat' dir='ltr'>in</span> <span class='ocrx_word' id='word_1_171' title='bbox 570 3106 703 3193; x_wconf 34' lang='lat' dir='ltr'>&#39;ecclesie</span> <span class='ocrx_word' id='word_1_172' title='bbox 725 3105 890 3181; x_wconf 82' lang='lat' dir='ltr'>Vpsalensi‚</span> <span class='ocrx_word' id='word_1_173' title='bbox 913 3107 1030 3166; x_wconf 81' lang='lat' dir='ltr'>vaeauit</span> 
     </span>
     <span class='ocr_line' id='line_1_24' title="bbox 326 3305 1505 3387; baseline -0.01 -17"><span class='ocrx_word' id='word_1_174' title='bbox 326 3313 598 3387; x_wconf 79' lang='lat' dir='ltr'>Archidyaeonatus</span> <span class='ocrx_word' id='word_1_175' title='bbox 610 3320 638 3368; x_wconf 86' lang='lat' dir='ltr'>et</span> <span class='ocrx_word' id='word_1_176' title='bbox 649 3309 735 3368; x_wconf 90' lang='lat' dir='ltr'>soluit</span> <span class='ocrx_word' id='word_1_177' title='bbox 747 3329 799 3384; x_wconf 88' lang='lat' dir='ltr'>pro</span> <span class='ocrx_word' id='word_1_178' title='bbox 810 3310 894 3367; x_wconf 88' lang='lat' dir='ltr'>dietis</span> <span class='ocrx_word' id='word_1_179' title='bbox 905 3310 1044 3370; x_wconf 84' lang='lat' dir='ltr'>fructibus</span> <span class='ocrx_word' id='word_1_180' title='bbox 1066 3330 1142 3370; x_wconf 64' lang='grc' dir='ltr'>,οη</span> <span class='ocrx_word' id='word_1_181' title='bbox 1155 3328 1244 3368; x_wconf 80' lang='lat' dir='ltr'>marc.</span> <span class='ocrx_word' id='word_1_182' title='bbox 1258 3307 1322 3364; x_wconf 91' lang='lat' dir='ltr'>den.</span> <span class='ocrx_word' id='word_1_183' title='bbox 1337 3305 1505 3366; x_wconf 86' lang='lat' dir='ltr'>Sueuorum.</span> 
     </span>
    </p>
   </div>
   <div class='ocr_carea' id='block_1_8' title="bbox 224 3511 1375 3995">
    <p class='ocr_par' dir='ltr' id='par_1_14' title="bbox 224 3511 1375 3995">
     <span class='ocr_line' id='line_1_25' title="bbox 224 3511 1316 3591; baseline -0.008 -16"><span class='ocrx_word' id='word_1_184' title='bbox 224 3562 226 3567; x_wconf 87' lang='lat'><em>.</em></span> <span class='ocrx_word' id='word_1_185' title='bbox 327 3517 400 3574; x_wconf 87' lang='lat' dir='ltr'>Item</span> <span class='ocrx_word' id='word_1_186' title='bbox 422 3515 569 3591; x_wconf 84' lang='lat' dir='ltr'>prebenda</span> <span class='ocrx_word' id='word_1_187' title='bbox 588 3512 758 3580; x_wconf 73' lang='lat' dir='ltr'>Karssert‘?)</span> <span class='ocrx_word' id='word_1_188' title='bbox 814 3555 820 3569; x_wconf 90' lang='lat'><strong>.</strong></span> <span class='ocrx_word' id='word_1_189' title='bbox 865 3555 873 3570; x_wconf 88' lang='lat'><strong>.</strong></span> <span class='ocrx_word' id='word_1_190' title='bbox 917 3556 924 3570; x_wconf 92' lang='lat'>.</span> <span class='ocrx_word' id='word_1_191' title='bbox 968 3557 974 3570; x_wconf 93' lang='lat'><em>.</em></span> <span class='ocrx_word' id='word_1_192' title='bbox 1018 3557 1025 3571; x_wconf 90' lang='lat'><strong>.</strong></span> <span class='ocrx_word' id='word_1_193' title='bbox 1070 3513 1117 3571; x_wconf 72' lang='lat' dir='ltr'>ix.</span> <span class='ocrx_word' id='word_1_194' title='bbox 1139 3530 1228 3569; x_wconf 82' lang='lat' dir='ltr'>mare.</span> <span class='ocrx_word' id='word_1_195' title='bbox 1250 3511 1316 3568; x_wconf 84' lang='lat' dir='ltr'>den.</span> 
     </span>
     <span class='ocr_line' id='line_1_26' title="bbox 325 3615 1034 3693; baseline -0.004 -18"><span class='ocrx_word' id='word_1_196' title='bbox 325 3617 399 3675; x_wconf 88' lang='lat' dir='ltr'>Item</span> <span class='ocrx_word' id='word_1_197' title='bbox 428 3616 576 3693; x_wconf 86' lang='lat' dir='ltr'>prebenda</span> <span class='ocrx_word' id='word_1_198' title='bbox 608 3615 657 3671; x_wconf 74' lang='lat' dir='ltr'>dri</span> <span class='ocrx_word' id='word_1_199' title='bbox 689 3615 832 3673; x_wconf 62' lang='lat' dir='ltr'>«Iohannis</span> <span class='ocrx_word' id='word_1_200' title='bbox 863 3616 899 3671; x_wconf 90' lang='lat' dir='ltr'>de</span> <span class='ocrx_word' id='word_1_201' title='bbox 933 3624 1034 3674; x_wconf 82' lang='lat' dir='ltr'>sancta</span> 
     </span>
     <span class='ocr_line' id='line_1_27' title="bbox 410 3712 1375 3790; baseline -0.008 -15"><span class='ocrx_word' id='word_1_202' title='bbox 410 3718 553 3776; x_wconf 81' lang='lat' dir='ltr'>Trinitate</span> <span class='ocrx_word' id='word_1_203' title='bbox 614 3757 1079 3774; x_wconf 87' lang='grc'><strong>..........</strong></span> <span class='ocrx_word' id='word_1_204' title='bbox 1080 3715 1172 3790; x_wconf 65' lang='lat' dir='ltr'>xliiijtr</span> <span class='ocrx_word' id='word_1_205' title='bbox 1198 3732 1286 3771; x_wconf 80' lang='lat' dir='ltr'>mare.</span> <span class='ocrx_word' id='word_1_206' title='bbox 1310 3712 1375 3770; x_wconf 90' lang='lat' dir='ltr'>den.</span> 
     </span>
     <span class='ocr_line' id='line_1_28' title="bbox 325 3816 1232 3893; baseline -0.006 -15"><span class='ocrx_word' id='word_1_207' title='bbox 325 3820 480 3879; x_wconf 84' lang='lat' dir='ltr'>Prehends</span> <span class='ocrx_word' id='word_1_208' title='bbox 501 3817 634 3893; x_wconf 79' lang='lat' dir='ltr'>Magistri</span> <span class='ocrx_word' id='word_1_209' title='bbox 656 3816 809 3892; x_wconf 84' lang='lat' dir='ltr'>Laurencij</span> <span class='ocrx_word' id='word_1_210' title='bbox 831 3816 918 3875; x_wconf 81' lang='lat' dir='ltr'>Pauli</span> <span class='ocrx_word' id='word_1_211' title='bbox 974 3860 981 3874; x_wconf 93' lang='lat'><strong>.</strong></span> <span class='ocrx_word' id='word_1_212' title='bbox 1025 3860 1031 3874; x_wconf 93' lang='lat'><em>.</em></span> <span class='ocrx_word' id='word_1_213' title='bbox 1075 3817 1121 3874; x_wconf 70' lang='lat' dir='ltr'>ire</span> <span class='ocrx_word' id='word_1_214' title='bbox 1143 3834 1232 3874; x_wconf 83' lang='lat' dir='ltr'>merc.</span> 
     </span>
     <span class='ocr_line' id='line_1_29' title="bbox 326 3917 1285 3995; baseline -0.005 -16"><span class='ocrx_word' id='word_1_215' title='bbox 326 3923 479 3981; x_wconf 84' lang='lat' dir='ltr'>Prehenda</span> <span class='ocrx_word' id='word_1_216' title='bbox 500 3919 632 3995; x_wconf 82' lang='lat' dir='ltr'>Magistri</span> <span class='ocrx_word' id='word_1_217' title='bbox 654 3917 760 3976; x_wconf 87' lang='lat' dir='ltr'>Arneri</span> <span class='ocrx_word' id='word_1_218' title='bbox 815 3961 821 3975; x_wconf 93' lang='lat'><em>.</em></span> <span class='ocrx_word' id='word_1_219' title='bbox 863 3961 870 3975; x_wconf 89' lang='lat'><strong>.</strong></span> <span class='ocrx_word' id='word_1_220' title='bbox 918 3961 925 3974; x_wconf 88' lang='lat'><strong>.</strong></span> <span class='ocrx_word' id='word_1_221' title='bbox 971 3961 977 3973; x_wconf 93' lang='lat'>.</span> <span class='ocrx_word' id='word_1_222' title='bbox 1023 3961 1030 3974; x_wconf 92' lang='lat'><em>.</em></span> <span class='ocrx_word' id='word_1_223' title='bbox 1073 3918 1121 3976; x_wconf 85' lang='lat' dir='ltr'><strong>.lx.</strong></span> <span class='ocrx_word' id='word_1_224' title='bbox 1143 3935 1230 3974; x_wconf 83' lang='lat' dir='ltr'>marc.</span> <span class='ocrx_word' id='word_1_225' title='bbox 1283 3988 1285 3993; x_wconf 28' lang='grc' dir='ltr'>Ι</span> 
     </span>
    </p>
   </div>
   <div class='ocr_carea' id='block_1_9' title="bbox 282 4121 1442 4504">
    <p class='ocr_par' dir='ltr' id='par_1_15' title="bbox 282 4121 1442 4504">
     <span class='ocr_line' id='line_1_30' title="bbox 282 4121 1360 4184; baseline -0.006 -1"><span class='ocrx_word' id='word_1_226' title='bbox 282 4175 286 4183; x_wconf 77' lang='grc'>,</span> <span class='ocrx_word' id='word_1_227' title='bbox 325 4126 399 4184; x_wconf 83' lang='lat' dir='ltr'>Item</span> <span class='ocrx_word' id='word_1_228' title='bbox 420 4127 544 4184; x_wconf 83' lang='lat' dir='ltr'>ecelesia</span> <span class='ocrx_word' id='word_1_229' title='bbox 565 4123 761 4181; x_wconf 87' lang='lat' dir='ltr'>Thorstunum</span> <span class='ocrx_word' id='word_1_230' title='bbox 820 4165 826 4177; x_wconf 94' lang='lat'>.</span> <span class='ocrx_word' id='word_1_231' title='bbox 873 4164 879 4176; x_wconf 91' lang='lat'>.</span> <span class='ocrx_word' id='word_1_232' title='bbox 925 4166 932 4177; x_wconf 90' lang='lat'><strong>.</strong></span> <span class='ocrx_word' id='word_1_233' title='bbox 979 4167 985 4179; x_wconf 93' lang='lat'><strong>.</strong></span> <span class='ocrx_word' id='word_1_234' title='bbox 1031 4165 1037 4180; x_wconf 87' lang='lat'><em>.</em></span> <span class='ocrx_word' id='word_1_235' title='bbox 1082 4124 1171 4180; x_wconf 78' lang='lat' dir='ltr'><strong>.xxx¹.⁸</strong></span> <span class='ocrx_word' id='word_1_236' title='bbox 1187 4140 1274 4179; x_wconf 79' lang='lat' dir='ltr'>mare.</span> <span class='ocrx_word' id='word_1_237' title='bbox 1294 4121 1360 4177; x_wconf 83' lang='lat' dir='ltr'>den.</span> 
     </span>
     <span class='ocr_line' id='line_1_31' title="bbox 326 4210 1442 4303; baseline -0.008 -15"><span class='ocrx_word' id='word_1_238' title='bbox 326 4228 471 4303; x_wconf 86' lang='lat' dir='ltr'>Sutherby</span> <span class='ocrx_word' id='word_1_239' title='bbox 493 4246 558 4286; x_wconf 85' lang='lat' dir='ltr'>eum</span> <span class='ocrx_word' id='word_1_240' title='bbox 581 4226 694 4299; x_wconf 84' lang='lat' dir='ltr'>capella</span> <span class='ocrx_word' id='word_1_241' title='bbox 766 4266 1088 4281; x_wconf 88' lang='grc'><strong>.......</strong></span> <span class='ocrx_word' id='word_1_242' title='bbox 1090 4244 1160 4281; x_wconf 82' lang='lat' dir='ltr'>xxv.</span> <span class='ocrx_word' id='word_1_243' title='bbox 1181 4242 1270 4281; x_wconf 85' lang='lat' dir='ltr'>mare.</span> <span class='ocrx_word' id='word_1_244' title='bbox 1434 4210 1442 4217; x_wconf 43' lang='lat'>⁸</span> 
     </span>
     <span class='ocr_line' id='line_1_32' title="bbox 326 4329 1252 4386; baseline -0.004 0"><span class='ocrx_word' id='word_1_245' title='bbox 326 4329 435 4386; x_wconf 82' lang='lat' dir='ltr'>Brinna</span> <span class='ocrx_word' id='word_1_246' title='bbox 505 4369 1089 4386; x_wconf 88' lang='grc'><strong>............</strong></span> <span class='ocrx_word' id='word_1_247' title='bbox 1091 4346 1140 4384; x_wconf 86' lang='lat' dir='ltr'>xv.</span> <span class='ocrx_word' id='word_1_248' title='bbox 1163 4345 1252 4383; x_wconf 81' lang='lat' dir='ltr'>mare.</span> 
     </span>
     <span class='ocr_line' id='line_1_33' title="bbox 325 4428 1284 4504; baseline -0.001 -18"><span class='ocrx_word' id='word_1_249' title='bbox 325 4429 556 4504; x_wconf 85' lang='lat' dir='ltr'>Wilabierghum</span> <span class='ocrx_word' id='word_1_250' title='bbox 609 4471 616 4484; x_wconf 91' lang='lat'><strong><em>.</em></strong></span> <span class='ocrx_word' id='word_1_251' title='bbox 660 4471 668 4485; x_wconf 85' lang='lat'><strong>.</strong></span> <span class='ocrx_word' id='word_1_252' title='bbox 715 4459 730 4485; x_wconf 88' lang='lat'>.·</span> <span class='ocrx_word' id='word_1_253' title='bbox 768 4471 1090 4485; x_wconf 91' lang='grc'><strong>.......</strong></span> <span class='ocrx_word' id='word_1_254' title='bbox 1093 4428 1173 4502; x_wconf 85' lang='lat' dir='ltr'>xviij.</span> <span class='ocrx_word' id='word_1_255' title='bbox 1195 4447 1284 4486; x_wconf 82' lang='lat' dir='ltr'>marc.</span> 
     </span>
    </p>
   </div>
   <div class='ocr_carea' id='block_1_10' title="bbox 356 4590 1508 4914">
    <p class='ocr_par' dir='ltr' id='par_1_16' title="bbox 362 4590 1508 4659">
     <span class='ocr_line' id='line_1_34' title="bbox 362 4590 1508 4659; baseline -0.006 -16"><span class='ocrx_word' id='word_1_256' title='bbox 362 4590 370 4618; x_wconf 93' lang='lat'>¹</span> <span class='ocrx_word' id='word_1_257' title='bbox 389 4595 423 4649; x_wconf 85' lang='grc' dir='ltr'>Η.</span> <span class='ocrx_word' id='word_1_258' title='bbox 442 4602 459 4644; x_wconf 92' lang='lat' dir='ltr'>t.</span> <span class='ocrx_word' id='word_1_259' title='bbox 480 4591 541 4659; x_wconf 71' lang='grc' dir='ltr'>[αμ]</span> <span class='ocrx_word' id='word_1_260' title='bbox 561 4597 666 4646; x_wconf 81' lang='lat' dir='ltr'><strong>Summa</strong></span> <span class='ocrx_word' id='word_1_261' title='bbox 682 4595 757 4644; x_wconf 90' lang='lat' dir='ltr'>huius</span> <span class='ocrx_word' id='word_1_262' title='bbox 775 4596 868 4658; x_wconf 84' lang='lat' dir='ltr'>pagine</span> <span class='ocrx_word' id='word_1_263' title='bbox 890 4619 917 4625; x_wconf 82' lang='grc'>-</span> <span class='ocrx_word' id='word_1_264' title='bbox 938 4611 968 4642; x_wconf 89' lang='lat' dir='ltr'>.v.</span> <span class='ocrx_word' id='word_1_265' title='bbox 988 4596 1043 4643; x_wconf 87' lang='lat' dir='ltr'>libr.</span> <span class='ocrx_word' id='word_1_266' title='bbox 1062 4604 1088 4643; x_wconf 89' lang='lat' dir='ltr'>et</span> <span class='ocrx_word' id='word_1_267' title='bbox 1101 4595 1152 4656; x_wconf 73' lang='lat' dir='ltr'>iiij.</span> <span class='ocrx_word' id='word_1_268' title='bbox 1163 4595 1209 4644; x_wconf 90' lang='lat' dir='ltr'>sol.</span> <span class='ocrx_word' id='word_1_269' title='bbox 1219 4609 1300 4657; x_wconf 84' lang='lat' dir='ltr'>gross.</span> <span class='ocrx_word' id='word_1_270' title='bbox 1313 4590 1508 4641; x_wconf 83' lang='lat' dir='ltr'>Turonensium.</span> 
     </span>
    </p>

    <p class='ocr_par' dir='ltr' id='par_1_17' title="bbox 356 4674 1508 4914">
     <span class='ocr_line' id='line_1_35' title="bbox 356 4674 1508 4744; baseline -0.006 -15"><span class='ocrx_word' id='word_1_271' title='bbox 356 4676 460 4730; x_wconf 72' lang='lat' dir='ltr'>²Hved</span> <span class='ocrx_word' id='word_1_272' title='bbox 477 4679 588 4729; x_wconf 81' lang='lat' dir='ltr'>herester</span> <span class='ocrx_word' id='word_1_273' title='bbox 603 4678 703 4744; x_wconf 66' lang='lat' dir='ltr'>telget,</span> <span class='ocrx_word' id='word_1_274' title='bbox 730 4680 810 4728; x_wconf 82' lang='lat' dir='ltr'>findes</span> <span class='ocrx_word' id='word_1_275' title='bbox 837 4680 939 4728; x_wconf 81' lang='lat' dir='ltr'>skrevet</span> <span class='ocrx_word' id='word_1_276' title='bbox 960 4696 1009 4744; x_wconf 79' lang='lat' dir='ltr'>pes</span> <span class='ocrx_word' id='word_1_277' title='bbox 1026 4689 1065 4729; x_wconf 89' lang='lat' dir='ltr'>tre</span> <span class='ocrx_word' id='word_1_278' title='bbox 1083 4680 1147 4738; x_wconf 79' lang='lat' dir='ltr'>lese,</span> <span class='ocrx_word' id='word_1_279' title='bbox 1165 4679 1278 4739; x_wconf 81' lang='lat' dir='ltr'>indlegte</span> <span class='ocrx_word' id='word_1_280' title='bbox 1295 4677 1363 4729; x_wconf 80' lang='lat' dir='ltr'>Ark.</span> <span class='ocrx_word' id='word_1_281' title='bbox 1382 4674 1411 4724; x_wconf 80' lang='lat' dir='ltr'>ei</span> <span class='ocrx_word' id='word_1_282' title='bbox 1427 4674 1508 4724; x_wconf 82' lang='lat' dir='ltr'>hvilke</span> 
     </span>
     <span class='ocr_line' id='line_1_36' title="bbox 393 4760 1508 4826; baseline -0.006 -12"><span class='ocrx_word' id='word_1_283' title='bbox 393 4769 423 4815; x_wconf 87' lang='lat' dir='ltr'>de</span> <span class='ocrx_word' id='word_1_284' title='bbox 443 4775 480 4814; x_wconf 87' lang='lat' dir='ltr'>tre</span> <span class='ocrx_word' id='word_1_285' title='bbox 499 4765 667 4816; x_wconf 78' lang='lat' dir='ltr'>sersteBlede</span> <span class='ocrx_word' id='word_1_286' title='bbox 685 4781 727 4816; x_wconf 82' lang='lat' dir='ltr'>ere</span> <span class='ocrx_word' id='word_1_287' title='bbox 745 4765 866 4815; x_wconf 82' lang='lat' dir='ltr'>tolierede</span> <span class='ocrx_word' id='word_1_288' title='bbox 885 4780 939 4813; x_wconf 84' lang='lat' dir='ltr'>som</span> <span class='ocrx_word' id='word_1_289' title='bbox 958 4764 1001 4814; x_wconf 85' lang='lat' dir='ltr'><strong>sol.</strong></span> <span class='ocrx_word' id='word_1_290' title='bbox 1020 4767 1060 4821; x_wconf 80' lang='lat'>89,</span> <span class='ocrx_word' id='word_1_291' title='bbox 1080 4768 1111 4812; x_wconf 81' lang='lat'>90</span> <span class='ocrx_word' id='word_1_292' title='bbox 1129 4779 1164 4826; x_wconf 85' lang='lat' dir='ltr'>og</span> <span class='ocrx_word' id='word_1_293' title='bbox 1182 4769 1221 4812; x_wconf 76' lang='lat'>91.</span> <span class='ocrx_word' id='word_1_294' title='bbox 1256 4763 1297 4812; x_wconf 87' lang='lat' dir='ltr'>De</span> <span class='ocrx_word' id='word_1_295' title='bbox 1307 4771 1346 4811; x_wconf 82' lang='lat' dir='ltr'>tre</span> <span class='ocrx_word' id='word_1_296' title='bbox 1355 4761 1442 4822; x_wconf 71' lang='lat' dir='ltr'>arrige</span> <span class='ocrx_word' id='word_1_297' title='bbox 1451 4760 1508 4808; x_wconf 83' lang='lat' dir='ltr'>ube·</span> 
     </span>
     <span class='ocr_line' id='line_1_37' title="bbox 394 4848 1352 4914; baseline -0.005 -13"><span class='ocrx_word' id='word_1_298' title='bbox 394 4854 499 4902; x_wconf 87' lang='lat' dir='ltr'>skrevne</span> <span class='ocrx_word' id='word_1_299' title='bbox 516 4853 598 4902; x_wconf 82' lang='lat' dir='ltr'>Blede</span> <span class='ocrx_word' id='word_1_300' title='bbox 616 4868 657 4902; x_wconf 86' lang='lat' dir='ltr'>ere</span> <span class='ocrx_word' id='word_1_301' title='bbox 675 4851 697 4914; x_wconf 84' lang='lat' dir='ltr'>ej</span> <span class='ocrx_word' id='word_1_302' title='bbox 716 4848 847 4902; x_wconf 78' lang='lat' dir='ltr'>folierede.</span> <span class='ocrx_word' id='word_1_303' title='bbox 884 4849 961 4901; x_wconf 80' lang='lat' dir='ltr'>Siden</span> <span class='ocrx_word' id='word_1_304' title='bbox 978 4850 1022 4899; x_wconf 81' lang='lat' dir='ltr'>iol.</span> <span class='ocrx_word' id='word_1_305' title='bbox 1043 4853 1082 4898; x_wconf 81' lang='grc'>89.</span> <span class='ocrx_word' id='word_1_306' title='bbox 1102 4866 1125 4898; x_wconf 78' lang='lat' dir='ltr'>a.</span> <span class='ocrx_word' id='word_1_307' title='bbox 1144 4864 1171 4896; x_wconf 89' lang='lat' dir='ltr'>er</span> <span class='ocrx_word' id='word_1_308' title='bbox 1189 4849 1352 4898; x_wconf 80' lang='lat' dir='ltr'>ubeskreven.</span> 
     </span>
    </p>
   </div>
   <div class='ocr_carea' id='block_1_11' title="bbox 0 0 1796 5625">
    <p class='ocr_par' dir='ltr' id='par_1_18' title="bbox 0 0 1796 5625">
     <span class='ocr_line' id='line_1_38' title="bbox 0 0 1796 5625; baseline 0 3"><span class='ocrx_word' id='word_1_309' title='bbox 0 0 1796 5625; x_wconf 95' lang='lat' dir='ltr'> </span> 
     </span>
    </p>
   </div>
  </div>
 </body>
</html>
