3584 5625
878 362 898 442 s

460 574 535 632 Item
564 603 591 611 -
620 592 644 631 c.
668 571 799 645 lxxxxvj.
822 572 938 629 marche
959 572 1123 647 argentiin
1145 574 1273 649 pondere
1293 574 1395 632 Dacie.

379 679 454 737 Item
473 676 639 751 Episcopus
662 672 851 747 Lincopensis
873 674 910 731 de
930 672 1036 733 Suecia
1058 674 1275 749 crucesignatus
1296 675 1396 733 debuit
1417 675 1482 732 mit-

293 789 354 836 tere
387 779 417 835 in
447 775 616 835 Flandriam
646 794 700 850 pro
728 773 841 831 decima
868 793 922 832 sua
944 802 982 812 -
1013 774 1084 833 cccl.
1117 777 1249 834 marchas
1277 777 1388 852 argenti
1416 777 1481 852 puri

293 887 381 956 prout
402 886 482 954 patet
505 896 557 953 per
577 876 689 934 litteras
713 874 913 951 prelatorum·
927 895 980 951 pro
1006 877 1112 952 quibus
1140 876 1209 935 dicit
1236 878 1481 955 Superintendcns

293 981 442 1057 predictus
463 979 541 1055 quod
563 975 673 1052 recepit
696 1003 725 1012 -
755 974 796 1050 uj⁰¹
818 975 908 1035 libras
921 977 1145 1048 Turonensium‚
1167 991 1196 1035 et
1216 979 1364 1037 residuum
1387 979 1481 1036 adhuc

294 1083 380 1141 debet
403 1082 479 1140 idem
493 1080 668 1156 Episcopus,
691 1077 770 1153 quod
792 1097 854 1135 esse
876 1087 971 1153 potest
1000 1108 1016 1115 -
1056 1100 1099 1138 cc.
1127 1078 1185 1154 xxj.
1206 1080 1289 1153 libre,
1313 1079 1370 1155 iiij.
1397 1079 1481 1136 solidi

293 1193 323 1241 et
344 1180 401 1256 iiij.
425 1181 533 1256 denarij
557 1179 779 1237 Turonensium.
824 1177 889 1251 Que
912 1180 1037 1254 pecunia
1057 1182 1143 1239 debet
1164 1182 1269 1256 deponi
1292 1182 1321 1239 ln
1342 1180 1482 1238 Flandria

293 1286 323 1342 in
358 1282 532 1342 monasterio
562 1282 598 1338 de
625 1281 748 1355 Docano
777 1298 868 1355 prope
896 1279 1004 1355 Brugis
1025 1281 1148 1341 diocesis
1170 1283 1364 1341 Tornacensis
1387 1282 1482 1338 danda

294 1386 387 1443 eidem
400 1384 537 1460 episcopo
551 1381 725 1457 Lincopensi
747 1380 878 1456 predicto
899 1392 1029 1457 ternpore
1051 1384 1176 1459 passagij
1199 1385 1223 1443 si
1245 1383 1481 1451 transirctaucrit,

293 1487 424 1563 alioquin
446 1487 534 1543 debet
554 1482 635 1540 reddi
659 1481 788 1540 subsidio
810 1490 885 1540 terre
907 1493 1015 1542 sancte.

294 1689 360 1764 viije
381 1688 473 1763 xxiiij.
495 1685 628 1743 marchas
651 1683 836 1741 denariorum
859 1705 1031 1761 cupi-eorum
1054 1687 1090 1743 de
1113 1687 1225 1746 decima
1247 1688 1349 1748 Dacia.

379 1773 451 1847 Item
475 1786 615 1863 expendit
636 1804 690 1861 pro
712 1787 884 1844 executione
916 1788 1129 1847 recollectionis
1158 1788 1249 1863 ipsius
1281 1789 1391 1846 decime
1424 1800 1482 1846 tam
1549 1782 1552 1792 ’

294 1895 323 1948 in
346 1890 457 1965 nuucijs
479 1888 573 1945 missis
602 1886 640 1944 ad
662 1886 773 1944 curiam
796 1906 883 1962 quam
906 1890 935 1947 in
958 1889 1158 1965 deportatione
1185 1889 1276 1964 ipsius
1306 1889 1418 1947 decime
1446 1893 1482 1946 ad

294 2001 392 2069 partes
423 1989 572 2062 Flandrie‚
604 1998 663 2046 tam
695 1987 725 2044 in
758 1988 934 2049 uictualihus
956 2001 985 2047 et
1006 1991 1107 2065 pennis
1129 2010 1182 2066 pro
1209 1990 1265 2049 illis
1297 1991 1347 2066 qui
1376 1991 1483 2048 seruie-

294 2096 365 2152 bant
387 2091 502 2166 negotio
525 2090 636 2147 decime
659 2088 757 2165 etqui
779 2094 935 2165 portabant
956 2092 1077 2149 candem
1101 2119 1137 2130 «-
1162 2091 1268 2167 cxlviij.
1290 2092 1423 2150 marchas
1456 2104 1484 2150 et

294 2194 419 2252 mediam
441 2193 498 2269 iiij.
522 2193 630 2251 solidos
652 2199 681 2247 et
701 2190 740 2265 vj.
762 2192 898 2250 denarios
918 2192 1101 2251 denariorum
1124 2213 1306 2269 capreorum.

379 2499 453 2558 Item
479 2526 512 2536 -
537 2518 565 2556 v.
589 2497 677 2556 libras
693 2496 900 2556 Parisieusium
923 2515 981 2572 que
1002 2498 1146 2556 ualent-
1164 2497 1200 2572 vj.
1222 2499 1310 2557 libras
1331 2507 1360 2555 et
1386 2516 1414 2553 v.
1437 2518 1483 2555 so-

294 2599 368 2659 lidos
387 2600 610 2659 Turonensium⁴

463 2700 584 2760 Summa
616 2700 811 2776 predictarum
846 2718 1037 2775 expensarum
1061 2699 1203 2758 factarum
1232 2720 1285 2776 pro
1315 2700 1484 2759 executione

380 2802 491 2863 decime
521 2812 550 2861 et
570 2821 669 2860 eorum
691 2801 855 2877 que-dictis
877 2801 1124 2878 superintendens
1145 2802 1256 2877 recepit
1277 2823 1330 2878 pro
1352 2802 1411 2860 suis
1434 2824 1483 2859 ex-

380 2905 476 2980 pensis
499 2934 535 2943 -
560 2905 609 2982 iijr
643 2903 718 2980 viiijs
739 2901 820 2978 lxxij
844 2904 961 2960 marche
982 2912 1011 2960 et
1033 2904 1127 2961 media
1156 2913 1185 2960 et
1206 2903 1262 2979 iiij.
1281 2904 1365 2962 solidi
1388 2915 1416 2961 ct
1438 2905 1484 2979 .vj.

382 3006 490 3081 denarij
513 3007 697 3065 denariorum
720 3022 902 3079 cupreorum.

463 3109 536 3166 item
565 3143 596 3150 --
621 3107 679 3184 lvij.
701 3111 817 3167 marche
838 3106 915 3184 aiiij.
938 3107 991 3166 sol.
1013 3115 1043 3164 et
1064 3105 1111 3181 xj.
1133 3108 1198 3165 den.
1222 3107 1435 3183 sterlingorum.

464 3311 584 3371 Summa
595 3312 779 3371 Summarum
798 3313 981 3370 marcharum
1002 3311 1185 3370 denariorum
1207 3332 1265 3388 quc
1285 3320 1435 3370 remanent
1455 3313 1484 3369 in

381 3411 487 3472 Suecia
504 3425 533 3472 et
543 3414 638 3473 Dacia
658 3424 687 3470 et
708 3434 781 3490 quas
792 3414 1040 3491 superintendens
1061 3415 1171 3489 recepit
1192 3433 1246 3489 pro
1267 3413 1327 3471 suis
1348 3414 1481 3490 expensis

382 3526 411 3574 et
432 3516 503 3573 alias
526 3516 662 3591 expendit
683 3535 736 3591 pro
758 3516 874 3592 negotio
898 3517 1008 3574 decime
1031 3527 1074 3575 est
1103 3544 1130 3551 -
1158 3515 1225 3588 viijft¹
1263 3512 1313 3589 vijc.
1336 3516 1477 3592 lxxxxiiij.

381 3618 496 3676 marche
519 3626 547 3674 et
567 3616 661 3675 media
683 3627 711 3675 et
733 3618 789 3693 iiij.
811 3618 894 3678 solidi
918 3619 1004 3692 et.vj.
1017 3620 1080 3676 den.
1094 3618 1277 3678 denariorum
1300 3639 1482 3696 cupreorum.

382 3822 557 3898 Supradicta
575 3821 649 3879 ratio
678 3821 841 3880 continetur
868 3822 901 3880 in
928 3822 1111 3899 infrascripta
1138 3822 1249 3880 rat-ione
1280 3825 1371 3900 magis
1405 3844 1483 3884 com·

297 3924 445 4001 pendium,
467 3926 521 3982 hoc
553 3924 619 4000 plus
648 3924 771 3981 habetur
801 3925 831 3982 in
865 3925 929 4001 ipsa
954 3926 1033 4002 quod
1061 3924 1200 3999 scriptum
1229 3935 1273 3984 est
1294 3927 1331 3983 dc
1351 3927 1405 4003 hijs
1427 3947 1484 4004 que

297 4036 406 4085 restant
428 4034 534 4101 etque
557 4025 802 4101 Superintendens
823 4028 931 4084 habere
953 4027 1053 4086 debuit
1074 4045 1127 4102 pro
1150 4036 1210 4083 toto
1232 4027 1338 4086 salario
1363 4048 1427 4103 suo,
1456 4037 1484 4088 et

298 4127 367 4204 quid
389 4106 508 4203 recepit*
521 4127 597 4184 ultra
618 4106 755 4190 salarium
779 4128 898 4204 etquid
920 4129 1068 4204 assignare
1091 4128 1184 4186 dcbct.

467 4229 586 4288 Summa
606 4227 791 4291 Summarum
813 4229 941 4287 omnium
968 4240 1152 4306 receptorum
1181 4250 1218 4286 ox
1249 4221 1362 4294 decima
1390 4231 1483 4290 Dacie

344 4356 348 4362 ¹
383 4340 411 4387 et
433 4330 537 4390 Suecic
558 4330 587 4387 in
610 4329 734 4393 marchis
756 4319 942 4388 donariorum
969 4360 1001 4370 -
1027 4333 1098 4391 lxx'.n
1135 4331 1239 4407 ccixxj.
1263 4335 1378 4393 marche
1395 4334 1483 4391 dena·

382 4430 489 4489 riorum
513 4449 694 4507 capreorum.

466 4533 585 4592 Summa
598 4533 781 4591 Summarum
804 4511 931 4591 omnium
951 4535 1147 4609 predictarum
1167 4532 1352 4595 marcharum
1369 4535 1482 4592 denari·

382 4651 464 4690 orum
475 4634 567 4692 Dacia
591 4633 734 4693 etSuecie
757 4634 947 4692 cambitorum
969 4636 1006 4694 ad
1028 4647 1181 4712 argentum
1203 4648 1232 4696 ct
1246 4637 1481 4698 advTuroncnses

384 4743 413 4790 et
434 4752 533 4791 eorum
555 4754 612 4810 que
633 4744 782 4792 remanent
802 4735 832 4793 in
846 4722 986 4811 'deposito
1007 4737 1142 4797 inDacia
1164 4747 1193 4795 et
1203 4738 1309 4799 Suecia
1330 4758 1365 4798 ac
1382 4757 1482 4797 eorum
