3584 5625
810 419 848 477 ³9

232 673 313 751 Hoc
344 686 427 751 sunt
458 672 624 774 Recepta
656 698 747 784 quas
780 697 847 751 nos
879 674 989 752 freter
1011 675 1254 754 iohannesde
1272 674 1517 755 Seroncan...

233 818 269 884 et
298 808 342 888 B.
375 808 421 885 de
452 807 585 886 Ortolis
616 809 816 886 leuauimns
853 832 919 909 pro
954 809 1117 888 subsidio
1155 807 1213 915 cuj
1252 834 1345 912 pape
1385 813 1417 886 in

670 966 790 1042 regno
823 941 986 1020 Swecie.

316 1110 404 1167 Anno
427 1107 484 1183 dr‘rj.
506 1107 658 1166 millesimo
681 1116 753 1167 ‚ccci
774 1106 879 1183 xxviijt
909 1117 938 1165 et
969 1107 1033 1167 int·
1066 1110 1112 1170 die
1143 1110 1249 1170 mensis
1281 1108 1419 1186 Ianuarij.

232 1211 407 1286 Recepimus
429 1230 447 1268 a
470 1209 528 1266 dr‘ro
550 1209 751 1284 arhiepiscopo
773 1209 930 1285 Vpsalensi
952 1218 992 1267 ,vt
1024 1230 1138 1269 marcas
1172 1230 1262 1287 parua
1294 1221 1419 1269 monete.

230 1311 261 1369 in
284 1331 343 1387 qua
364 1312 484 1372 Summa
505 1309 620 1369 fuerunt
641 1310 752 1369 incluse
780 1310 828 1387 .xj.
860 1311 977 1369 marche
1008 1310 1053 1386 .vj.
1085 1310 1170 1369 vncie
1204 1331 1269 1370 enm
1303 1311 1421 1371 dimidia

232 1411 343 1489 argenti
366 1413 403 1470 ad
426 1412 540 1488 pondus
566 1412 602 1470 de
625 1406 779 1472 Stocolrnis
807 1431 861 1489 pro
894 1410 951 1470 hx.
984 1413 1125 1485 marchas,
1158 1422 1187 1472 et
1218 1413 1337 1472 dimidia
1369 1433 1421 1472 ora

233 1533 324 1590 parue
345 1513 468 1589 pecunie
491 1513 612 1573 Swecie.
634 1512 749 1571 inerunt
770 1513 809 1572 ibi
831 1512 861 1571 in
885 1532 978 1588 parua
1000 1514 1124 1589 pecunia
1235 1515 1274 1573 xl.
1303 1514 1420 1574 marche

232 1613 287 1690 aij.
310 1633 360 1673 ore
382 1633 447 1673 cum
472 1614 589 1672 dimidia
622 1633 712 1690 parue
744 1614 874 1689 pecunie.
907 1642 948 1651 -
981 1614 1102 1675 Summa
1133 1615 1162 1673 ia
1194 1617 1347 1675 uniuersso
1381 1622 1420 1676 ,vt

233 1735 329 1775 marce
350 1735 441 1792 parue
463 1714 595 1791 pecunie.

315 1817 404 1875 Anno
425 1836 483 1893 quo
507 1836 603 1893 supra.
627 1826 655 1874 et
677 1815 745 1891 .xj'¹.'⁸
769 1816 816 1874 die
843 1816 949 1875 mensis
982 1816 1141 1892 Febroarij.
1196 1817 1370 1895 Recepimus
1402 1838 1420 1876 a

231 1921 289 1977 dno
312 1919 448 1996 episcopo
472 1917 655 1993 Lincopensi.
677 1946 718 1955 -
743 1918 791 1975 .xl.
813 1937 927 1977 marcas
949 1917 1059 1993 argentj
1082 1917 1120 1975 ad
1141 1919 1255 1994 pondus
1277 1921 1313 1977 do
1336 1919 1418 1980 Stoc·

232 2020 316 2079 oimis
340 2019 381 2094 aja
404 2038 516 2077 marcas
538 2037 628 2094 parue
650 2018 781 2094 pecunie.
1113 1997 1116 2004 ¹

246 2181 249 2188 ,
315 2122 403 2179 Anno
426 2139 484 2196 quo
506 2137 602 2196 supra.
625 2128 654 2177 et
677 2119 756 2196 .xijfll'
788 2120 834 2179 die
856 2119 961 2180 mensis
983 2120 1085 2195 Marcij
1109 2140 1126 2178 a
1150 2140 1266 2197 procur.
1288 2122 1337 2181 dni
1358 2121 1419 2198 epi·

230 2222 311 2298 scopi
335 2222 500 2280 Arosiensis
525 2254 556 2263 --
585 2221 708 2297 cxcviij.
731 2241 845 2281 marcas
866 2240 958 2298 parue
979 2221 1110 2297 pecunie.

313 2322 401 2381 Anno
424 2343 483 2400 quo
505 2342 602 2400 supra.
625 2333 653 2381 et
675 2323 753 2401 .xijt'
768 2323 813 2382 die
826 2323 931 2382 mensis
943 2322 1054 2397 Marcij.
1067 2326 1103 2382 ab
1120 2325 1226 2383 abbate
1245 2325 1280 2383 de
1292 2326 1419 2384 Vernem

230 2426 398 2488 Scharensis
421 2425 551 2485 diocesis.
573 2453 612 2462 -
638 2444 675 2482 .x.
699 2445 812 2485 marcas
833 2445 924 2502 parue
947 2434 1070 2484 monete.

314 2530 402 2586 Anno
414 2546 472 2605 quo
484 2546 580 2603 supra.
593 2537 620 2586 et
636 2528 725 2604 .xiiijt·
747 2528 793 2585 die
810 2526 915 2586 mensis
936 2526 1039 2603 Maroij
1062 2546 1080 2585 a
1098 2545 1212 2604 procur.
1230 2527 1278 2605 dnj
1289 2527 1419 2606 episcopi

230 2630 407 2691 Scharensis.
430 2656 468 2666 -
493 2628 540 2686 ix.
562 2648 674 2688 marcas
695 2629 807 2705 argenti
829 2628 867 2685 ad
887 2629 1002 2704 pondus
1025 2629 1060 2686 de
1081 2628 1206 2689 Scheris.

313 2731 402 2788 Anno
425 2749 483 2806 quo
505 2750 601 2808 supra.
624 2739 653 2788 et
674 2730 781 2807 .xxviij.
816 2729 862 2787 die
895 2730 1001 2789 mensis
1033 2717 1136 2805 Mai-cij
1168 2750 1187 2787 a
1218 2750 1334 2808 procur.
1369 2732 1417 2809 dr‘rj

144 2876 146 2881 -
229 2832 357 2910 episcopi
380 2832 585 2908 Stringinensie
607 2861 648 2871 -
670 2833 754 2892 clxx.
777 2851 889 2891 marcas
911 2851 1001 2909 parua
1023 2842 1146 2890 monete.

313 2931 401 2993 Anno
425 2934 473 3009 dr‘rj
496 2934 646 2993 millesimo
670 2943 743 2993 .ccc⁰.
774 2933 878 3009 xxviij‘!
912 2942 940 2992 et
1073 2933 1119 2992 dia
1140 2934 1245 2994 mensis
1267 2935 1379 3012 Aprilis
1401 2955 1419 2995 a

230 3037 467 3112 procuratoribus
490 3036 537 3113 dnj
561 3036 688 3114 episcopi
710 3035 904 3095 Vexionensis
925 3064 967 3073 —
990 3035 1050 3111 .xij.
1072 3055 1184 3094 marcas
1212 3035 1324 3112 argenti
1351 3056 1417 3096 eum

230 3135 348 3194 dimidia
369 3137 406 3194 ad
428 3138 542 3215 pondus
564 3139 600 3196 de
623 3137 785 3198 Stocolmis.

651 3391 765 3467 pondus
787 3390 823 3447 de
846 3390 1008 3450 Stocolmis.

609 3475 656 3534 .lx.
679 3476 793 3534 marche
815 3474 925 3550 argentj
948 3476 986 3533 ad
1008 3477 1122 3552 pondus
1144 3477 1180 3533 de
1202 3475 1327 3536 Scharis.

611 3581 656 3618 .m.
679 3559 766 3635 .xviij.
789 3561 904 3619 marche
926 3559 981 3636 ‚vij
1004 3579 1054 3618 ore
1076 3580 1142 3619 cum
1175 3560 1294 3619 dimidia
1325 3569 1417 3639 par'ue

651 3655 773 3703 monete.
1402 3656 1405 3661 '

585 3306 699 3520 §.iniit
722 3307 838 3364 marche
860 3305 896 3381 .ij.
918 3325 984 3365 vnc.
1006 3325 1071 3365 curn
1097 3305 1215 3364 dimidia
1236 3306 1356 3382 argentj.
1370 3308 1418 3366 ad

231 3467 306 3551 [ap]
335 3475 455 3537 Summa
476 3477 582 3552 pagine

434 3820 437 3827 '
554 3814 676 3885 [Summa
697 3817 784 3874 totalis
805 3814 922 3892 subsidii.
941 3824 1017 3892 patet
1036 3810 1097 3880 tie]

674 4065 976 4075 —n--u—-a-——n-

301 4280 384 4358 Heo
416 4291 501 4358 sunt
532 4278 697 4383 Recepte
730 4280 933 4381 legatorum
966 4290 1062 4356 terre
1093 4288 1230 4360 sancte.
1262 4303 1351 4382 quas
1415 4320 1515 4361 arna.

504 4417 708 4511 leuauimus
741 4419 775 4493 in
807 4415 941 4517 Regno
974 4413 1138 4492 Sweeie.

314 4582 403 4641 Anno
426 4582 473 4659 duj
505 4581 656 4642 millasimo
685 4590 756 4642 .ccc⁰.
778 4581 882 4658 xxviijt
905 4591 933 4640 et
955 4581 1036 4657 .viij'.⁸
1061 4581 1108 4639 die
1141 4580 1245 4639 mensis
1276 4579 1415 4656 Ianuarij.

229 4682 404 4760 Recepimus
426 4704 444 4743 a
466 4685 524 4743 dno
546 4684 765 4762 archiepiscopo
786 4684 943 4761 Vpsalensi
965 4684 1001 4741 de
1023 4683 1126 4760 legatis
1149 4692 1225 4740 terre
1254 4690 1353 4742 sancte
1376 4716 1415 4726 -

231 4782 307 4859 .xiiij.
331 4786 454 4846 marchis
477 4786 589 4864 argenti
611 4787 649 4844 ad
670 4786 784 4863 pondus
806 4788 842 4846 de
865 4786 1027 4847 Stocolmie.
