3584 5625
958 475 997 534 68

302 667 303 670 ’
385 664 604 725 Roskildensem
626 661 802 722 connuncios
824 670 853 719 ct
873 660 1000 739 collegas
1022 680 1101 719 meos
1123 669 1156 719 ut
1176 661 1206 720 in
1231 659 1358 738 negocijs
1378 660 1573 737 procederent

385 782 445 827 nne
463 785 586 839 mecum,
608 764 713 840 quibus
734 761 935 821 recusantibus
955 763 1113 840 procedere
1136 771 1165 821 et
1187 763 1393 822 excusantibus
1408 781 1440 821 se
1451 769 1573 839 propter

385 886 556 944 guerrarum
578 864 822 940 discriminaque
844 874 913 923 tunc
935 864 1273 923 erantetadhucsunt
1304 864 1333 921 in
1362 862 1494 940 partibus
1515 861 1573 921 illis

385 967 513 1045 processi
535 986 589 1044 ego
611 965 691 1025 solus
712 965 844 1024 indictis
866 963 994 1041 negocijs
1015 965 1122 1022 virtute
1149 963 1310 1023 litterarum
1343 964 1573 1041 apostolicarum

386 1088 509 1145 quarum
530 1079 613 1127 tenor
634 1066 700 1126 talis
722 1076 774 1127 est.

468 1170 618 1229 Jobaunes
640 1167 793 1245 episcopus
814 1185 917 1226 seruus
937 1186 1087 1227 seruorum
1109 1166 1156 1225 dei
1181 1167 1395 1226 venerabilibus
1423 1166 1574 1239 iratribus,

387 1269 494 1332 Oarolo
515 1269 733 1346 archiepiscopo
755 1268 905 1328 Luudensi
932 1277 961 1327 at
992 1268 1118 1327 Johanni
1152 1266 1289 1344 episcopo
1321 1267 1506 1327 Roskildensi
1536 1286 1574 1326 ac

386 1370 491 1430 dilecto
513 1371 572 1430 filio
592 1370 683 1429 Petro
705 1368 840 1445 Geruasij
863 1369 1003 1429 canonico
1026 1369 1149 1429 ecclesie
1170 1367 1263 1429 sancti
1280 1368 1385 1444 Euodij
1405 1366 1573 1429 Aniciensis

386 1472 545 1550 apostolice
568 1471 645 1532 sedis
668 1469 798 1546 Nuncijs‚
820 1469 950 1531 Salutem
973 1478 1002 1528 et
1020 1470 1209 1547 apostolicam
1224 1469 1463 1530 benedictionem.
1494 1469 1571 1530 Cum

335 1605 337 1610 ·
387 1592 500 1632 annuus
522 1592 625 1633 census
646 1573 696 1650 qui
724 1571 858 1630 denarius
889 1570 969 1629 beati
999 1571 1080 1630 Petri
1108 1580 1241 1644 uocatur,
1273 1570 1355 1630 nobis
1386 1580 1417 1631 et
1448 1571 1573 1631 ecclesie

386 1675 516 1734 Romane
538 1675 567 1733 in
589 1693 679 1751 regno
701 1672 794 1732 Decio
816 1672 968 1771 debeatur?
991 1692 1048 1772 goa
1079 1672 1210 1734 uolerttes
1243 1672 1348 1732 nostris
1380 1680 1410 1731 et
1441 1658 1574 1731 eiusdem

387 1775 508 1835 ecclesie
529 1775 641 1836 iuribus
662 1775 827 1853 prospicere
849 1793 883 1832 ac
906 1759 941 1831 de
964 1763 1058 1833 uestra
1080 1774 1346 1852 circumspectionis
1374 1773 1516 1833 industria
1546 1783 1576 1834 et

386 1877 524 1937 fidelitate
546 1877 660 1954 plenius
682 1877 867 1948 confidentes,
888 1875 1014 1951 petendi,
1035 1875 1201 1953 colligendi,
1222 1877 1358 1953 exigendi
1375 1876 1575 1952 etrecipiendi

335 1970 337 1974 ’
387 1988 485 2038 nostro
507 1989 537 2037 et
558 1978 686 2040 eiusdem
708 1976 829 2037 eccleue
851 1975 966 2035 nomine
988 1997 1040 2054 per
1059 1998 1112 2038 vos
1132 1980 1182 2038 uel
1201 1979 1289 2038 aliam
1306 1977 1574 2038 senalioscensum

387 2079 550 2139 huiusmodi
571 2099 590 2139 a
611 2079 741 2158 personis
773 2077 976 2138 ecclesiasticis
1007 2088 1037 2137 et
1068 2079 1248 2141 secularibus
1274 2079 1344 2139 dicti
1370 2078 1453 2155 regni
1474 2078 1574 2137 cuius·

388 2199 512 2257 cumque
534 2181 711 2240 condicionis
738 2188 841 2253 status,
871 2179 979 2238 ordinis
1009 2180 1058 2239 uel
1090 2181 1238 2257 dignitatis
1270 2180 1395 2240 existant
1427 2180 1516 2239 stiam
1550 2179 1575 2239 si

388 2281 545 2359 pontificali
567 2280 615 2340 uel
637 2281 740 2358 queuis
762 2280 820 2338 alia
839 2280 1020 2356 premineant
1042 2282 1189 2359 dignitate,
1211 2292 1269 2341 tam
1292 2300 1345 2359 pro
1374 2301 1409 2341 eo
1441 2290 1575 2358 tempore

388 2382 497 2459 quoin
519 2382 667 2443 solucione
688 2382 765 2441 illius
786 2390 931 2442 cessatum
953 2390 997 2441 est
1024 2383 1228 2460 quinetiam
1259 2383 1452 2459 imposterum¹
1479 2400 1576 2458 usque

293 2511 297 2522 ι
388 2472 426 2543 ad
447 2484 660 2562 beneplacitum
682 2483 841 2561 apostolice
862 2483 948 2555 sedis,
970 2483 1141 2543 informandi
1163 2503 1280 2561 quoque
1306 2502 1360 2543 uos
1387 2502 1476 2560 super
1506 2502 1575 2559 pre·

388 2586 481 2648 missis
502 2584 656 2646 summarie
678 2584 847 2661 simpliciter
865 2594 894 2645 et
916 2586 952 2644 de
980 2584 1078 2661 plano,
1105 2605 1141 2647 ac
1173 2586 1234 2645 sina
1265 2584 1386 2663 strepitu
1420 2594 1449 2655 et
1479 2583 1577 2663 figura

382 2686 495 2764 jndicij.
516 2687 540 2747 si
562 2696 592 2747 et
611 2686 728 2764 quando
750 2686 880 2746 uidetitis
902 2686 1048 2763 expedire,
1067 2706 1122 2748 nec
1144 2707 1202 2747 non
1224 2687 1451 2747 contradictores
1473 2695 1503 2746 et
1530 2707 1578 2770 re·

388 2788 479 2849 belles
499 2807 534 2849 ac
556 2788 744 2867 impedientes
766 2807 965 2867 quoscumque
987 2808 1206 2867 percensuram
1228 2787 1454 2849 ecclesiasticam
1475 2788 1579 2866 appel·

282 2875 284 2878 Α
309 2887 313 2894 ’
389 2890 497 2950 latione
518 2898 585 2967 post
606 2894 700 2968 posita
724 2892 936 2967 compescendi,
970 2910 1028 2950 non
1057 2891 1238 2951 obstantibus
1266 2892 1291 2949 si
1323 2890 1364 2961 ais
1395 2891 1444 2949 nel
1476 2909 1579 2950 eorum

389 2992 535 3069 aliquibus
557 2991 748 3051 communiter
769 2992 817 3050 uel
839 2993 992 3051 diuisima
1013 2992 1081 3051 sede
1103 2992 1140 3051 sit
1160 2992 1304 3051 indultum
1333 2991 1465 3069 predicta
1497 2992 1578 3069 quod

389 3093 531 3167 interdici,
552 3092 688 3169 suspendi
710 3092 758 3150 uel
774 3093 1017 3167 excommunicari
1029 3112 1086 3150 non
1098 3087 1208 3170 possint
1218 3113 1271 3176 per
1286 3091 1384 3153 literas
1400 3091 1579 3170 apostolicas

390 3215 448 3254 non
469 3195 607 3254 iacientes
629 3192 743 3270 plenam
766 3201 796 3250 et
816 3212 983 3270 expressam
1004 3213 1039 3252 ac
1060 3194 1095 3252 de
1118 3197 1209 3253 uerbo
1225 3196 1263 3253 ad
1275 3198 1400 3266 ‚uerbum
1417 3195 1453 3253 de
1463 3194 1579 3254 indulto

390 3295 553 3356 huiusmodi
574 3294 753 3354 mencionem
776 3303 805 3352 et
826 3295 1002 3371 quibuslibet
1022 3295 1180 3373 priuilegijs
1200 3296 1392 3374 indulgencijs
1413 3304 1442 3354 et
1472 3296 1580 3356 litteris

390 3396 557 3473 apostolicis
585 3395 770 3473 generalibus
799 3394 847 3453 uel
880 3394 1054 3470 specialibus
1085 3397 1317 3475 quibuscumque
1349 3398 1495 3458 concessis
1526 3417 1582 3475 per

392 3517 448 3574 que
470 3493 622 3557 commisse
644 3496 727 3555 uobis
748 3495 900 3572 potestatis
921 3496 1059 3555 execucio
1081 3499 1213 3575 impediri
1235 3510 1333 3575 posset
1361 3498 1581 3577 quomodolibet

391 3598 440 3657 uel
461 3596 578 3670 differri,
599 3597 714 3674 plenam
734 3597 817 3655 uobis
839 3605 869 3655 ct
895 3605 1023 3655 vestrum
1056 3598 1175 3658 cuilrbet
1206 3599 1360 3660 insolidum
1393 3601 1581 3661 concedimus

391 3708 491 3786 tenore
511 3698 688 3775 presentium
706 3697 882 3770 facultatem,
894 3697 1031 3771 volumus
1052 3709 1148 3759 autem
1171 3703 1249 3778 quod
1273 3722 1322 3762 eos
1343 3722 1362 3760 a
1383 3699 1498 3780 quibus
1512 3721 1581 3762 cen·

391 3820 455 3860 sum
476 3799 643 3877 receperitis
664 3798 863 3874 supradictum
885 3798 1038 3858 absoluere
1060 3802 1177 3878 possitis
1198 3803 1311 3880 plenius
1333 3814 1362 3862 et
1394 3803 1521 3880 quittere
1543 3804 1583 3865 de

391 3902 445 3979 hijs
466 3922 523 3980 que
544 3901 613 3960 inde
635 3902 672 3959 ab
695 3900 736 3958 eis
757 3899 888 3976 recipere
910 3919 963 3960 vos
982 3903 1137 3978 continget,
1160 3923 1211 3963 nos
1231 3914 1260 3962 et
1282 3923 1426 3963 cameram
1449 3915 1582 3965 nostram

391 4004 530 4063 reddituri
553 4003 631 4062 clare
653 4000 866 4079 particulariter
888 4011 916 4058 et
939 4002 1071 4062 distincte
1092 4023 1180 4080 super
1201 4004 1254 4080 hijs
1276 4007 1422 4065 certiores.
1468 4007 1582 4066 Datum

392 4105 538 4165 Aninione
559 4103 617 4180 iiij.
640 4105 743 4162 Nonas
764 4102 905 4177 Augusti,
925 4103 1116 4163 Pontificatus
1136 4106 1225 4164 nostri
1248 4125 1323 4165 anno
1346 4104 1428 4182 ,xiiijt
1549 4090 1550 4095 ἵ

478 4206 608 4281 Quorum
642 4205 814 4263 auctoritate
854 4203 920 4278 Ego
953 4206 1136 4283 supradictus
1175 4208 1280 4266 Petrus
1312 4206 1449 4283 Geruasij
1482 4211 1582 4285 recepi

352 4387 356 4392 ι
392 4307 531 4386 pecunias
552 4305 747 4383 infrascriptae
768 4306 804 4364 de
826 4326 987 4396 censu—seu
1010 4308 1129 4366 denario
1151 4304 1334 4371 memorato¹.

434 4435 443 4465 ¹
461 4439 537 4490 Disse
555 4447 582 4490 to
601 4439 690 4502 uinjer
707 4454 789 4505 syncs.
801 4448 829 4488 at
845 4454 912 4490 vaere
933 4454 1021 4492 sonere
1039 4439 1165 4502 tillojcde‚
1182 4439 1269 4503 eljent
1285 4442 1344 4491 med
1367 4448 1470 4490 semme'
1487 4440 1584 4492 lisand

390 4576 393 4581 ,
461 4540 516 4575 som
534 4524 577 4573 det
594 4524 688 4587 arrige.
774 4559 775 4562 κ
