3584 5625
828 469 866 526 59

253 667 315 718 tere
337 663 487 733 argentum
508 655 587 733 quod
606 674 772 732 receperam
793 655 821 713 in
842 654 1001 731 Norwogiu
1029 656 1065 714 ud
1098 675 1242 715 cameram
1275 655 1322 733 dxj
1356 675 1443 733 pope,

255 757 310 835 emj
334 777 370 817 .v.
393 757 521 834 lagenas.
543 758 592 817 vbi
615 756 669 815 ieci
691 756 758 833 poni
782 756 890 815 dictum
913 766 1065 832 argentum
1088 766 1117 816 et
1137 757 1291 834 pecuniam
1308 777 1442 834 quoper-

255 869 318 920 tete
339 859 454 918 inerunt
476 878 527 935 per
550 858 618 916 dnm
640 858 835 917 Bertrendnm
858 858 893 916 de
906 857 1040 942 Suoioliis
1062 857 1179 917 militem
1203 868 1231 917 ot
1254 858 1442 919 Guillelmum

255 960 292 1018 de
312 960 409 1019 Pretis
430 958 569 1019 famulum
594 978 691 1017 meum
719 959 757 1017 ed
790 958 895 1017 dictem
931 978 1082 1018 cumeram.
1115 959 1339 1020 deconstiterunt
1369 959 1444 1019 dicte

254 1062 359 1138 legene
381 1089 423 1100 -
445 1061 472 1121 .i.
494 1080 621 1120 mercem
641 1080 731 1137 perne
754 1059 876 1136 pecunie
898 1059 1045 1119 Noricene
1055 1057 1074 1117 ¹.

340 1164 428 1221 Anno
450 1172 479 1222 et
500 1162 546 1221 die
569 1162 674 1239 quibus
696 1181 793 1238 supra,
805 1161 868 1221 misi
885 1162 943 1219 dno
962 1163 1121 1221 camerario
1140 1162 1191 1221 dui
1208 1162 1295 1221 nostri
1317 1181 1393 1239 pepe
1414 1163 1545 1221 ‚itura¹

255 1265 404 1323 merchem
427 1265 464 1325 de
487 1282 578 1340 cupro
601 1264 639 1322 ed
661 1264 775 1341 pondus
796 1264 832 1322 ‹le
854 1262 1021 1339 Norwegie.
1050 1282 1116 1322 cnm
1145 1283 1203 1340 qun
1231 1283 1330 1323 murce
1347 1274 1446 1341 posset

254 1383 465 1441 recognoscere
487 1365 542 1424 dns
573 1366 749 1424 camerarius
771 1364 841 1422 illud
863 1373 1014 1441 argentum
1036 1365 1114 1441 quod
1136 1364 1269 1423 miserem
1291 1366 1328 1423 ed
1351 1385 1446 1426 cemo-

255 1485 317 1525 rem
340 1466 389 1524 dni
411 1486 497 1544 pepe.
539 1465 715 1525 Deconstitit
736 1465 847 1525 dictum
878 1485 999 1543 cuprum
1034 1495 1065 1504 -
1093 1466 1128 1542 ij.
1151 1465 1260 1524 Turon.
1283 1463 1403 1543 argenti.

340 1568 413 1626 Item
435 1586 512 1627 enno
534 1586 594 1644 qno
616 1585 714 1644 supra,
736 1576 765 1626 et
788 1567 915 1645 xxviijr
929 1567 975 1626 die
997 1567 1102 1627 mensis
1124 1566 1310 1642 Septembris,
1327 1569 1445 1628 Recessi
1535 1623 1539 1631 .

256 1687 312 1746 ego
334 1669 369 1727 B.
392 1669 427 1728 de
450 1667 560 1730 Ortolis
581 1668 617 1725 de
639 1669 743 1746 Bergis
766 1671 861 1728 eundo
890 1670 928 1728 od
959 1687 1080 1746 regnum
1113 1667 1234 1740 Swecie,
1266 1687 1317 1728 seu
1346 1668 1445 1727 uillam

257 1768 406 1848 Lythosie.
460 1769 526 1845 Que
557 1769 661 1830 ciuitas
694 1770 849 1847 Bergensis
878 1772 966 1829 distet
987 1771 1024 1829 ed
1047 1770 1124 1829 dioto
1144 1788 1234 1846 regno
1256 1769 1377 1843 suecis,
1399 1772 1447 1830 uel

257 1892 275 1931 e
297 1871 375 1931 dicto
398 1872 465 1931 loco
487 1871 523 1929 de
543 1870 691 1948 Lythosie‚
712 1891 764 1949 per
781 1874 847 1932 .xvi.
864 1873 965 1931 dietus.
987 1872 1053 1931 steti
1075 1879 1193 1948 propter
1214 1872 1446 1931 contrarietatem

258 1982 411 2033 uentorum
431 1974 461 2033 in
483 1973 561 2031 dicto
583 1972 691 2049 uiegio,
720 1983 778 2031 tem
812 1974 840 2032 in
872 1975 955 2046 meri,
986 1993 1073 2049 quem
1105 1992 1158 2050 per
1189 1983 1305 2045 terrem,
1326 1992 1378 2049 per
1399 1974 1447 2033 xi.

257 2076 443 2154 septimanas.
487 2074 624 2152 Expendi
651 2094 704 2151 pro
734 2076 821 2134 nenlo
844 2085 872 2135 et
893 2076 985 2135 tribus
1008 2076 1148 2152 passagiis
1170 2075 1257 2134 meris
1279 2074 1346 2132 dum
1368 2075 1446 2134 ibam

256 2197 310 2254 per
331 2186 437 2237 terrum
460 2205 498 2215 -
525 2175 583 2251 .vij.
607 2195 694 2236 mere.
718 2197 783 2237 oum
807 2177 926 2237 dimidie
948 2195 1037 2253 perue
1059 2177 1181 2254 pecunie
1200 2173 1380 2237 Noricene².

406 2423 408 2428 ,
489 2382 566 2423 ‚xxm
588 2363 650 2421 flor.

488 2465 565 2538 xxii.
589 2484 678 2525 merc.
701 2485 766 2525 cum
789 2465 887 2526 dimid.
917 2476 1031 2526 monete
1063 2466 1219 2527 Noricene.

488 2588 527 2627 .x.
551 2568 615 2628 den.
639 2568 751 2627 Turon.
773 2588 899 2645 grossor.
922 2569 1041 2646 argenti.

488 2666 625 2741 [neuneu
646 2672 776 2745 sterliupts
797 2671 836 2728 ad
854 2668 982 2744 prossosl.

258 2522 327 2605 [apl
341 2524 461 2589 Summe
1245 2525 1349 2584 totalis.

701 2902 1003 2913 -—-—--.—

411 3148 598 3253 Sequntur
629 3171 795 3253 expense
827 3176 894 3252 pro
927 3148 1114 3252 stipendiis
1147 3150 1290 3226 nostris.

344 3334 433 3391 Anno
456 3332 504 3408 dnj
531 3342 580 3392 .m‘!
602 3342 667 3393 ccct
688 3335 771 3393 xxvit
794 3335 839 3392 die
864 3334 954 3391 xiiii!
969 3335 1074 3392 mensis
1098 3332 1283 3409 Septembris.
1305 3331 1446 3389 o'xinimus

259 3434 294 3491 de
317 3433 464 3493 Aninione
486 3435 611 3493 eundum
634 3435 925 3514 uersusNorvegiam
950 3454 1002 3512 pro
1026 3434 1193 3493 exercendis
1215 3433 1342 3508 negociis
1364 3429 1446 3491 nobis

259 3535 428 3596 commissis.
474 3537 512 3595 Et
524 3557 602 3595 enno
615 3538 663 3613 duj
680 3546 729 3596 .m‘.'
753 3546 816 3596 cce⁰.
839 3537 944 3614 xxuiij⁰¹
967 3549 994 3595 ot
1006 3536 1084 3611 xvj‘?
1098 3535 1144 3633 {lle
1156 3536 1261 3593 mensis
1272 3534 1448 3594 Nouembris

257 3637 422 3697 reuenimns
446 3637 483 3696 ud
507 3639 616 3697 curiam
637 3641 809 3700 Romanum.
860 3639 900 3697 Et
932 3638 973 3697 sie
1005 3639 1109 3697 luimus
1143 3648 1170 3694 et
1202 3637 1331 3694 stetimus
1364 3645 1446 3694 extre

239 3739 368 3825 ‘cumam
389 3759 443 3817 pro
465 3741 592 3816 negociis
613 3740 661 3815 ‹mj
684 3761 760 3819 pepe
784 3740 920 3819 predictis
943 3740 1003 3817 .vij⁰.
1024 3759 1070 3798 xc.
1099 3759 1127 3796 v.
1160 3738 1268 3798 diebus.
1324 3739 1363 3797 Et
1394 3758 1446 3816 pro

258 3838 387 3918 qualibet
409 3841 455 3900 die
477 3842 592 3900 luerunt
615 3842 733 3901 cuilibet
762 3852 890 3902 nostrum
924 3843 1062 3919 assignati
1085 3843 1151 3899 xxi.
1176 3841 1260 3900 solidi
1293 3841 1445 3899 Turonen-

256 3943 331 4002 einm
354 3962 510 4021 pomorum
533 3944 562 4000 in
585 3944 733 4021 stipendiis
757 3944 870 4004 nostris.
893 3954 979 4022 prout
1002 3954 1081 4022 putet
1096 3946 1132 4003 in
1153 3945 1255 4003 litteris
1280 3942 1447 4019 apostolicis

257 4064 345 4122 super
373 4046 457 4105 <lictis
485 4046 633 4123 stipendiis
655 4047 738 4105 nobis
761 4047 913 4106 concessis.
969 4047 1007 4104 Et
1039 4047 1079 4105 sic
1111 4046 1271 4106 ascendunt
1303 4045 1447 4122 stipendia

256 4146 389 4223 predicte
411 4166 456 4205 .m.
478 4147 519 4204 vi⁰¹
541 4146 612 4204 lxix.
634 4148 687 4205 lbr.
709 4168 737 4207 x.
760 4148 812 4207 sol.
835 4150 945 4208 Turon.
960 4168 1126 4224 puruornm.
1171 4149 1217 4206 Do
1240 4147 1344 4222 quibus
1366 4167 1445 4206 rece·

162 4254 165 4259 '
256 4247 351 4324 pimus
372 4267 390 4305 a
412 4266 528 4307 camere
550 4250 597 4306 dni
621 4251 710 4308 nostri
731 4270 815 4326 pape,
838 4251 971 4309 videlicet
995 4251 1094 4308 odnie
1114 4249 1280 4310 camerario
1303 4260 1331 4306 et
1353 4249 1445 4308 Thes·

256 4349 373 4407 anrurio
396 4349 463 4407 dum
491 4350 636 4409 noluimus
664 4353 799 4410 recedere
834 4353 868 4410 de
892 4352 981 4412 Curia
1004 4353 1071 4409 lxx.
1094 4371 1184 4427 egnes
1204 4351 1275 4407 auri.
1299 4362 1327 4408 et
1349 4351 1446 4410 .exlix.

293 4562 302 4592 ¹
325 4567 377 4616 Her
395 4565 491 4631 tiliejer
509 4570 558 4617 den
578 4569 660 4617 endon
678 4570 782 4620 Hound:
801 4588 841 4634 op.
861 4568 958 4620 Summa
973 4503 1082 4636 popinel
1091 4500 1444 4619 ¹illecfclnilffmlrlllertzcNoricam.

1072 4604 1126 4703 iij.
1145 4637 1187 4688 sol.
1206 4637 1377 4702 sterlingorum.

1093 4709 1127 4771 r'j.
1148 4706 1200 4755 den.
1226 4704 1313 4755 Toron.
1331 4724 1409 4771 prose.

290 4767 302 4797 ²
325 4771 375 4820 Her
393 4770 488 4832 tilfejor
506 4772 553 4820 don
573 4775 655 4822 endon
674 4774 781 4824 Huend:
801 4792 841 4838 op.
862 4773 959 4824 Summo
976 4775 1064 4839 popius
1093 4777 1143 4842 eij.
1161 4791 1234 4823 more.
1259 4774 1305 4837 iiij.
1328 4791 1378 4824 voc.
1398 4792 1445 4824 mo·

1126 4852 1175 4893 recte
1193 4841 1325 4893 Noriconc.
