3584 5625
962 416 998 478 16

444 595 548 660 Papiret
565 613 592 647 er
609 612 668 647 eens
687 600 694 646 i
713 598 763 648 elle
780 599 825 648 lire
847 600 917 664 breg,
945 619 987 666 og,
1016 620 1072 654 som
1096 607 1246 670 soedvenligt
1269 608 1309 659 ior
1330 612 1380 660 den
1401 611 1459 672 Tid,
1485 622 1577 676 meget

377 680 435 743 tykt
456 697 491 745 og
513 683 583 744 godt,
610 685 697 733 steerkt
714 685 820 748 poleret,
847 688 906 736 med
924 687 1039 751 tydclige
1062 688 1250 741 Vendmerker.
1285 694 1421 758 Heenden,
1448 699 1575 749 hvormed

377 764 421 813 det
445 766 574 830 egentligc
596 770 734 831 Regnskeb
762 786 789 819 er
806 771 915 832 skrevet,
944 787 971 821 er
989 775 1087 823 overalt
1105 790 1152 824 een
1170 791 1205 837 og
1222 778 1270 825 den
1289 794 1397 842 semme,
1414 781 1519 845 tydelig,
1537 798 1575 847 og

377 849 472 899 eldeles
499 851 527 900 ul
551 867 647 902 semme
673 853 814 904 character
838 872 893 904 som
918 858 948 905 de
972 859 1118 922 sedvsnligc
1148 860 1344 911 Cursivhaender
1369 863 1408 914 fra
1436 867 1484 915 den
1510 866 1572 916 Tid.

376 934 437 983 Men
454 935 507 984 hist
524 952 558 998 og
575 938 620 986 her
637 939 716 987 findes
735 940 932 990 smaeNotitser
949 942 1061 993 tilloiede
1076 946 1133 993 med
1152 960 1183 994 en
1201 947 1395 1011 endanasud,
1414 951 1574 1015 ojensynligt

377 1020 425 1069 den
443 1020 544 1080 Mende,
564 1021 654 1071 derel
670 1025 712 1073 det
729 1025 845 1088 pevelige
857 1025 980 1076 Kummer
997 1027 1165 1079 beskikkedes
1186 1031 1215 1078 til
1232 1039 1260 1080 et
1271 1032 1384 1081 revidere
1395 1032 1572 1097 Regnsksbet,

376 1119 477 1155 seasom
495 1109 576 1156 denne
590 1108 684 1157 Heend
702 1110 868 1172 ssagodtsom
886 1126 937 1174 pse
954 1112 1016 1161 hver
1027 1112 1090 1162 Side
1107 1116 1210 1165 nederst
1226 1117 1274 1165 her
1290 1116 1402 1167 vedlniet
1419 1120 1572 1184 sinAppro-

374 1189 471 1251 betlon,
490 1193 533 1240 det
550 1191 585 1240 vil
601 1192 655 1254 sige
673 1193 847 1256 Bogsteverne
866 1190 939 1259 ,apf‘
958 1212 989 1245 en
1006 1198 1183 1263 Forkortning
1200 1199 1230 1250 el
1244 1195 1393 1265 „approbo“.

440 1274 605 1339 Regnslrnbet
622 1291 649 1325 er
666 1278 711 1327 her
728 1280 876 1342 bogstavret
895 1279 992 1343 astrykt
1009 1281 1074 1331 oster
1092 1283 1250 1348 Originelen,
1268 1287 1399 1347 endogsue
1417 1288 1473 1335 med
1491 1287 1569 1336 Bibe-

374 1358 488 1408 holdelse
506 1360 535 1409 ol
551 1363 581 1411 de
599 1362 741 1412 eabenbare
758 1364 823 1425 ueil,
850 1380 905 1415 som
924 1367 998 1428 dogi
1023 1367 1138 1416 Noterne
1161 1385 1202 1419 cre
1224 1370 1390 1434 berigtigede.
1435 1372 1566 1434 ligeledes

374 1458 402 1491 er
425 1443 586 1506 Originalens
610 1447 816 1511 Side-Iuddeling
840 1452 952 1513 ontydet.
997 1451 1049 1500 For
1071 1460 1098 1501 et
1121 1468 1180 1502 men
1198 1455 1250 1515 ved
1273 1453 1351 1504 lsrste
1375 1455 1486 1518 ejekan
1509 1456 1566 1506 skal
1611 1453 1617 1462 '

374 1527 459 1577 kunne
482 1545 531 1589 see,
557 1532 625 1581 hved
647 1534 692 1581 der
709 1548 737 1581 er
754 1533 847 1583 tilloiet
864 1537 922 1584 med
941 1536 989 1584 den
1007 1537 1090 1585 onden
1108 1538 1211 1597 Heend,
1238 1538 1301 1588 eller
1318 1538 1347 1590 al
1363 1540 1511 1600 Kermoros,
1537 1557 1566 1590 er

374 1613 411 1661 alt
428 1615 496 1664 dette
515 1616 584 1679 trylst
601 1618 660 1667 med
678 1618 771 1669 Cursiv
788 1634 823 1681 og
840 1620 942 1669 mollem
961 1616 973 1679 [
989 1618 1012 1682 ].

867 1862 1068 1872 --——-——--.

371 2034 527 2127 ,lohannes
549 2064 701 2141 episcopus
722 2081 996 2124 seruusseruorum
1018 2068 1073 2125 dei.
1095 2067 1206 2127 dilectis
1217 2069 1282 2127 filiis
1292 2069 1419 2128 Johanni
1442 2073 1477 2129 de
1495 2072 1562 2133 Ser·

370 2183 425 2222 one
445 2165 534 2241 priori
557 2179 717 2228 conuentus
738 2170 858 2228 fratrum
881 2170 989 2229 ordinis
1010 2170 1224 2245 predicatorum
1247 2171 1282 2245 de
1308 2171 1430 2247 Figieco
1454 2172 1559 2232 Catur-

371 2268 472 2339 censis,
504 2278 532 2325 et
558 2252 707 2328 Bernardo
735 2270 771 2327 de
799 2269 909 2329 Ortolis
933 2272 1050 2330 Rectori
1074 2272 1194 2329 ecclesie
1217 2272 1253 2329 de
1273 2273 1437 2331 Noualibus
1459 2275 1559 2333 Elect-

370 2370 444 2427 ensis
470 2370 637 2443 diocesium,
667 2372 824 2448 apostolice
846 2371 923 2430 sedis
944 2372 1064 2443 nunciis,
1088 2372 1218 2433 Salutem
1241 2383 1269 2431 ot
1292 2373 1482 2450 apostolicam
1505 2377 1554 2433 be·

369 2471 567 2529 nedictionem.
623 2470 697 2531 (lum
730 2492 748 2529 a
774 2473 991 2531 venerebllibus
1013 2474 1148 2532 iratribus
1176 2519 1183 2532 .
1212 2519 1219 2533 .
1259 2475 1496 2552 Archiepiscopis
1511 2461 1516 2472 ⁸
1531 2487 1559 2535 et

368 2572 531 2649 Episcopis,
564 2592 598 2631 ec
626 2573 739 2631 dilectis
765 2573 830 2648 filijs
859 2617 866 2631 .
890 2617 896 2629 .
920 2576 1085 2636 Abbatibus
1106 2565 1113 2634 ζ
1137 2576 1316 2635 ,Prioribus
1339 2620 1346 2635 .
1367 2620 1374 2634 .
1396 2578 1557 2654 Prepositis

369 2675 564 2745 ..Deconis
587 2674 738 2751 Capitulis,
761 2674 907 2752 Collegijs,
936 2676 1144 2751 Conuentibus,
1171 2687 1231 2735 tam
1264 2677 1442 2737 secularibus
1463 2698 1558 2766 *quam

367 2776 557 2852 regularibus,
579 2778 719 2854 exemptis
742 2787 770 2836 et
792 2799 849 2838 non
872 2779 1021 2855 exemptis,
1054 2778 1185 2837 ordinum
1207 2797 1457 2856 quorumcunque,
1486 2800 1555 2840 nec·

366 2897 425 2935 non
448 2879 598 2938 domorum
620 2881 769 2957 hospitalis
792 2881 892 2941 Sancti
913 2882 1056 2940 Johannis
1083 2879 1319 2953 Jerosolimitani,
1350 2883 1435 2940 beate
1463 2881 1557 2940 Marie

366 2979 621 3055 Theotonicorum,
644 2982 909 3056 etCalatreuensis,
931 2981 1088 3058 Magistris,
1110 2981 1260 3040 Prioribus
1282 2991 1310 3040 et
1328 2982 1556 3060 Preceptoribus

340 3074 341 3077 ¹
366 3084 395 3141 in
422 3086 587 3162 Norwegie,
621 3085 732 3145 Swecie
755 3105 789 3143 ac
824 3084 918 3145 Gocie
947 3085 1055 3160 Regnis
1085 3083 1258 3156 constitutis,
1293 3102 1347 3160 pro
1374 3085 1566 3160 repressione

365 3180 556 3246 hereticorum
590 3199 619 3246 et
647 3185 805 3244 infidelium
836 3187 976 3244 aduersus
1004 3187 1090 3242 deum
1113 3192 1141 3241 et
1164 3184 1317 3242 ecclesiam
1339 3203 1375 3242 ac
1396 3185 1482 3242 fidem
1505 3204 1554 3243 ca·

364 3288 500 3348 tholicam
523 3291 552 3347 in
574 3265 695 3348 diuersis
717 3289 800 3346 ltalie
823 3289 954 3363 partibus
976 3286 1131 3346 crudeliter
1158 3287 1335 3358 seuiencium
1369 3295 1398 3343 et
1429 3307 1552 3363 suppor-

364 3388 458 3449 tandis
485 3390 687 3466 multiplicium
710 3407 901 3465 expensarum
922 3388 1057 3446 oneribus
1080 3377 1200 3445 ecclesie
1211 3389 1343 3447 Romane
1362 3387 1552 3446 incumbenti-

363 3486 418 3548 bus
441 3511 478 3548 ex
498 3492 653 3568 premissis,
675 3491 713 3548 ad
735 3510 791 3566 que
813 3491 877 3567 ipsa
899 3488 1022 3548 ecclesia
1043 3509 1146 3565 perse
1167 3508 1226 3546 non
1252 3487 1366 3562 sufficit,
1398 3509 1450 3565 per
1479 3490 1552 3548 elias

272 3642 275 3646 ,
364 3601 476 3651 nostres
499 3594 627 3652 diuersas
649 3573 760 3651 litteras
782 3593 941 3652 subsidium
963 3590 1159 3666 imploremus,
1178 3589 1207 3647 in
1231 3589 1338 3647 eisdem
1349 3590 1451 3649 litteris
1462 3591 1552 3650 nichi-

364 3693 488 3755 lominus
515 3694 730 3771 subiungenteS,
752 3701 785 3749 ut
813 3693 895 3751 nobis
918 3702 946 3750 et
968 3700 1096 3750 uestrum
1120 3690 1238 3749 cuilibet
1260 3692 1288 3748 in
1312 3691 1445 3765 solidum,
1478 3713 1552 3769 quos

364 3795 402 3852 ad
433 3795 510 3854 dicte
531 3797 635 3872 Regna
660 3804 778 3871 propter
799 3796 854 3852 hoc
877 3805 906 3851 et
926 3794 984 3852 alia
1006 3803 1104 3853 nostra
1127 3805 1156 3851 et
1178 3793 1300 3853 ecclesie
1323 3802 1480 3852 memorate
1500 3815 1551 3851 ne·

363 3896 448 3972 gocia
469 3898 648 3974 prouidimus
670 3896 864 3967 destinandos,
891 3883 994 3954 curent
1013 3896 1042 3953 in
1064 3898 1119 3954 hac
1141 3904 1223 3971 parte
1246 3895 1372 3965 credere,
1406 3915 1441 3954 ec
1463 3896 1549 3953 fidem

264 4014 350 4054 nice
364 3996 533 4058 indubiam1
565 4000 709 4057 adhibere.
743 4017 795 4065 nos
828 3999 1009 4056 attendentes
1031 3998 1119 4073 ⁴quod
1143 4005 1261 4072 propter
1281 3997 1412 4054 locorum
1442 3995 1550 4056 distan-

403 4194 411 4224 ¹
430 4200 484 4250 Her
501 4201 630 4264 begynder
648 4199 727 4248 furste
745 4197 812 4247 Bled
830 4196 859 4246 ef
874 4197 974 4250 Codex.
1010 4196 1189 4261 Begyndelsen
1207 4195 1236 4244 ef
1251 4195 1320 4244 dette
1339 4195 1414 4256 Brev,
1437 4198 1482 4247 der
1503 4199 1552 4247 har

429 4293 512 4336 steret
529 4300 580 4348 peu
597 4285 681 4334 enden
698 4283 758 4333 Side
776 4281 805 4331 ei
820 4284 863 4331 det
884 4291 949 4335 uaest
969 4282 1045 4332 soron
1066 4279 1213 4332 bortfaldne
1236 4279 1312 4340 Bled,
1338 4295 1366 4330 er
1387 4282 1434 4330 her
1455 4281 1550 4344 tillejet

428 4370 493 4420 efter
505 4370 636 4421 iohannes
655 4371 679 4417 d.
699 4369 775 4417 22des
792 4368 917 4430 Regester
934 4366 1042 4427 (Secret.
1062 4382 1120 4417 eun.
1138 4365 1186 4414 XI.
1204 4364 1267 4414 XIL
1285 4365 1316 4415 Τ.
1329 4365 1376 4415 VI.
1395 4365 1440 4415 fol.
1465 4373 1504 4416 64.
1523 4385 1547 4431 p.

431 4451 520 4516 1008),
542 4455 614 4503 hvori
636 4455 713 4511 dctte,
737 4451 879 4502 saevelsom
898 4453 928 4501 de
947 4454 1034 4517 ovrige
1051 4452 1081 4501 til
1098 4452 1180 4513 beggc
1198 4448 1307 4499 Nuntiet
1333 4458 1399 4499 sumt
1423 4453 1514 4502 Andre
1540 4453 1548 4501 i

427 4539 577 4602 Anledning
594 4538 623 4588 el
638 4541 711 4588 deres
729 4536 850 4587 Sendelse
868 4536 908 4586 lre
932 4537 1027 4588 Curien
1044 4535 1215 4598 udlrerdigede
1233 4534 1315 4585 Breve
1332 4537 1411 4585 findes
1429 4535 1548 4586 indierte.

427 4624 466 4674 At
474 4639 555 4687 ogsse
564 4624 623 4673 flere
634 4624 712 4673 undre
722 4621 751 4671 of
758 4623 825 4670 disse
834 4620 925 4681 Breve,
935 4623 1044 4686 ligesom
1053 4624 1084 4671 de
1094 4628 1132 4670 tre
1142 4619 1253 4670 herefter
1261 4620 1461 4683 folgende,have
1471 4629 1548 4670 vaeret

428 4709 561 4758 efskrevne
579 4709 587 4756 i
605 4705 866 4766 naervaerendeHefte,
885 4722 960 4772 synes
977 4707 1087 4756 ellerede
1105 4715 1132 4756 at
1148 4706 1235 4754 kunuc
1253 4707 1344 4755 sluttes
1362 4705 1441 4767 delei,
1459 4715 1486 4755 ot
1498 4708 1547 4757 den

428 4793 544 4843 uederstc
561 4792 627 4843 Deel
645 4792 674 4843 ef
689 4793 874 4843 ovenstesende
891 4792 960 4841 Brev
983 4792 1056 4842 elene
1074 4792 1126 4840 ken
1143 4791 1208 4840 heve
1227 4798 1334 4854 optegst
1352 4791 1382 4838 de
1402 4795 1416 4839 9
1434 4789 1497 4840 eller
1516 4796 1548 4839 10
