3584 5625
860 505 918 586 ris

643 767 691 824 32.
738 765 826 823 1285.
874 770 936 825 lste
956 766 1131 824 November.

361 858 490 931 lionorius
508 881 642 945 episcopus
660 894 680 929 s.
699 895 718 929 s.
738 881 762 929 (1.
780 880 917 930 venerabili
935 879 1007 929 fratri
1026 917 1031 928 .
1051 918 1057 929 .
1076 880 1198 945 episcopo
1212 878 1345 928 Arusiensi
1367 878 1477 927 salutem

292 966 336 1011 de.
373 965 507 1014 Intellecto
517 966 613 1013 dudum
621 962 701 1014 felicis
711 966 893 1015 recordatiouis
906 964 1031 1015 Martinus
1044 981 1111 1030 pepe
1120 963 1195 1031 iiijltf¹
1208 964 1373 1028 predecessor
1382 969 1478 1023 noster,

292 1049 359 1111 quod
377 1050 500 1100 nonnulla
518 1051 549 1099 de
567 1050 672 1111 decima,
691 1056 716 1099 et
733 1049 930 1099 obueutionibus
949 1049 1006 1113 alijs
1023 1049 1050 1099 in
1066 1050 1144 1120 Dptie
1162 1058 1188 1099 et
1205 1048 1297 1099 Svetie·
1308 1046 1394 1110 regnis
1412 1053 1478 1095 terre

291 1140 379 1181 sancte
397 1134 509 1185 subsidio
527 1135 656 1198 deputetis
674 1135 783 1185 collecta
801 1133 910 1195 merant,
927 1150 976 1198 que
993 1135 1130 1184 venerabili
1148 1133 1218 1185 fratri
1231 1131 1478 1183 nostroBertraudo

291 1217 483 1282 archiepiscopo
500 1219 655 1280 Arelatensi,
674 1218 734 1269 olim
752 1218 859 1268 ecclesie
875 1218 1009 1269 Remensis
1027 1220 1158 1281 canonico,
1175 1226 1201 1269 et
1218 1225 1278 1268 tnnc
1304 1231 1382 1281 super
1407 1215 1478 1265 colli-

292 1302 376 1363 geude
393 1302 486 1353 inillis
504 1304 618 1369 partibus
636 1305 750 1367 predicta
768 1304 867 1353 decime
884 1301 1018 1361 insistenti,
1036 1319 1087 1353 non
1105 1302 1208 1353 fuerunt
1225 1302 1387 1365 aliquetenus
1400 1302 1478 1364 assig-

292 1393 361 1447 nata,
378 1396 404 1436 et
421 1388 507 1451 aliqua
525 1390 602 1437 etiem
619 1397 679 1453 post
696 1390 808 1438 eiusdem
826 1388 962 1438 Bertrandi
980 1390 1011 1437 de
1029 1388 1142 1453 pertibus
1159 1389 1210 1438 illis
1228 1401 1356 1437 recessum
1374 1399 1478 1435 mman-

144 1507 146 1514 .
220 1532 223 1538 .
293 1479 378 1521 serent
395 1473 456 1521 inibi
474 1473 627 1535 colligenda,
646 1474 691 1524 tibi
709 1488 755 1539 per
771 1488 830 1524 sues
848 1473 895 1523 sub
914 1480 983 1523 certa
1000 1472 1084 1522 forma
1102 1475 1171 1524 dedit
1188 1473 1286 1523 litteren
1304 1471 1332 1520 iu
1344 1470 1478 1530 mandatis,

292 1564 321 1605 ut
338 1557 446 1607 collecte
464 1564 488 1607 et
506 1558 650 1621 colligenda
667 1558 737 1620 inibi,
756 1559 859 1622 exigere
877 1565 903 1607 et
920 1560 1031 1624 recipere
1048 1559 1122 1622 lapsu
1140 1557 1260 1620 temporis
1279 1570 1332 1606 non
1353 1556 1479 1614 obstante,

291 1643 393 1692 nomine
411 1650 476 1692 terre
494 1650 582 1693 sancte
600 1642 743 1705 supradicte
761 1658 870 1693 cereres.
890 1658 948 1692 cum
966 1651 1051 1693 autem
1063 1644 1203 1708 predictam
1215 1643 1339 1692 deeimem
1351 1646 1480 1704 proterra

291 1726 347 1789 ipsa
364 1735 508 1791 promptam
525 1727 618 1776 hebere
636 1728 752 1789 uelimus,
770 1736 796 1778 et
815 1736 949 1793 propterea
967 1729 1086 1778 dilectum
1110 1727 1190 1777 fllium
1216 1725 1401 1790 Huguitiouem
1427 1724 1479 1788 ple-

292 1811 386 1860 banum
403 1812 484 1876 plebis
503 1813 534 1861 de
564 1811 721 1863 castellione
751 1812 857 1861 Aretiue
883 1812 1000 1872 diocesis,
1030 1811 1189 1878 capellanum
1215 1818 1341 1871 nostrum,
1372 1810 1479 1860 latorem

292 1902 454 1957 presentium,
473 1899 505 1947 ed
525 1904 549 1947 te
567 1897 711 1961 specialiter
728 1900 890 1957 destinemus,
912 1896 1064 1947 fraternitati
1086 1906 1129 1946 tue
1153 1912 1198 1962 per
1220 1897 1364 1961 apostolica
1385 1894 1481 1960 scripta

292 1980 405 2030 districte
423 1982 591 2046 precipiendo
603 1983 761 2043 mandamns,
779 1984 898 2045 quatinus
916 1983 998 2032 eidem
1015 1982 1150 2045 capellano
1163 1989 1244 2032 totam
1259 1980 1395 2045 pecuniam
1405 1993 1481 2043 quam

292 2065 324 2113 de
341 2065 460 2129 predictis
479 2067 578 2116 decima
596 2074 621 2115 et
640 2066 835 2116 obnentiouibus
853 2066 987 2130 collegisti,
1002 2073 1091 2116 nostro
1110 2073 1136 2116 et
1160 2067 1272 2131 predicte
1298 2071 1366 2115 terre
1392 2070 1481 2114 sancte

292 2150 399 2209 nomine,
418 2150 519 2201 sableta
536 2148 687 2200 difficultate
706 2152 825 2215 qualibet,
844 2153 976 2215 assignare
993 2166 1123 2216 procures,
1142 2150 1237 2201 iaciens
1255 2151 1287 2201 ds
1304 2150 1481 2213 assignatione

292 2235 436 2285 huiusmodi
453 2237 542 2285 confici
560 2237 611 2285 duo
629 2236 731 2300 publica
748 2236 840 2285 similia
854 2235 1034 2299 justrumeuta,
1053 2251 1159 2299 quornm
1179 2236 1287 2287 alterum
1305 2234 1481 2293 ubiretineas,

292 2320 366 2369 nobis
375 2320 500 2383 reliquum
509 2322 710 2370 transmissurus.
745 2322 841 2370 Datum
854 2322 934 2371 Rome
945 2322 1013 2387 apud
1023 2327 1140 2372 sanctam
1149 2321 1271 2372 Sabinam
1280 2320 1331 2369 kal.
1342 2319 1481 2370 Novembr.

292 2413 363 2468 pont
382 2406 462 2455 nostri
480 2420 547 2454 anno
565 2406 655 2470 primo.

634 2487 701 2533 (Aret.
717 2489 758 2527 Vnt.
774 2489 819 2537 1ος.
836 2490 904 2528 llonur.
918 2489 948 2528 lv.
963 2499 994 2527 sn.
1008 2488 1021 2526 Ι.
1037 2499 1068 2537 ep.
1082 2484 1135 2532 stet.

647 2716 695 2774 33.
742 2714 831 2773 1285.
878 2718 940 2773 lste
962 2714 1136 2773 November.

361 2831 491 2882 Honorius
510 2832 644 2896 episcopus
661 2847 681 2880 s.
700 2847 719 2880 s.
738 2831 763 2880 d.
782 2831 875 2881 dilecto
892 2831 946 2881 filio
963 2829 1114 2894 Huguitioui
1132 2829 1243 2892 plebano
1259 2808 1341 2892 plebis
1371 2828 1403 2877 de
1434 2826 1483 2878 Ga·

294 2917 409 2966 stellione
428 2917 533 2967 Aretine
552 2918 668 2976 diocesis,
687 2916 819 2980 capellano
837 2923 935 2976 nostro,
953 2915 1085 2965 collectori
1102 2914 1199 2964 decime
1217 2914 1243 2963 iu
1261 2927 1340 2975 regno
1356 2910 1483 2977 Norweye

295 3007 360 3051 terre
378 3008 464 3050 sancte
482 3002 594 3051 subsidio
612 3003 732 3066 deputate
759 3001 867 3050 salutem
885 3001 929 3050 tiae.
970 2997 1036 3050 Cum
1061 2998 1200 3057 venerabili
1225 2996 1298 3046 fratri
1323 3004 1415 3046 nostro
1442 3033 1449 3045 .
1476 3033 1482 3045 .

294 3087 415 3150 episcopo
433 3086 566 3136 Arusieusi
584 3087 672 3135 demus
690 3100 736 3148 per
753 3093 853 3134 nostres
872 3085 920 3133 sub
938 3090 1009 3133 certa
1026 3083 1109 3133 forma
1125 3084 1225 3132 litteras
1242 3082 1268 3130 in
1294 3081 1432 3142 mandatis,
1455 3088 1484 3131 ut
1507 3110 1509 3119 ι

295 3168 339 3219 tibi
358 3177 440 3220 totam
458 3171 592 3234 pecuniam
610 3185 686 3233 quam
704 3170 736 3219 de
754 3169 853 3218 decima
871 3178 897 3218 et
914 3169 1111 3218 obuentiouibns
1130 3167 1155 3215 iu
1172 3165 1250 3216 Datie
1268 3175 1294 3215 et
1311 3165 1399 3216 Suetie
1429 3180 1484 3230 reg-
1520 3158 1522 3160 ’

295 3256 333 3304 uis
352 3263 418 3305 terre
437 3263 524 3305 saneta
543 3255 656 3304 subsidio
674 3254 801 3318 deputetis
820 3253 933 3316 collegit,
951 3252 997 3301 tibi
1014 3259 1112 3311 nostro,
1131 3260 1156 3301 et
1173 3252 1287 3301 eiusdem
1309 3257 1376 3300 terre
1395 3258 1484 3300 sancte

295 3341 398 3391 nomine
416 3340 518 3390 subletu
535 3339 686 3390 difficultate
705 3339 818 3404 quelibet
834 3339 965 3401 assignare
982 3342 1109 3399 procuret,
1131 3337 1249 3384 volumus
1276 3342 1302 3385 et
1327 3336 1484 3400 presentium

262 3429 263 3433 ’
294 3425 338 3474 tibi
356 3432 444 3476 tentus
462 3427 620 3487 mandamus,
630 3433 753 3490 quatenus
771 3425 907 3489 pecuniam
923 3423 1004 3488 ipsam
1022 3427 1159 3486 postquam
1172 3420 1217 3469 tibi
1230 3419 1307 3469 luerit
1318 3435 1364 3485 per
1375 3421 1484 3470 eundern

295 3511 442 3574 episcopum
461 3511 600 3574 assignata,
618 3511 717 3560 dilectis
734 3508 794 3572 filijs
811 3509 896 3558 Bindo
915 3507 1039 3571 lsquartie
1057 3507 1088 3554 de
1105 3504 1239 3567 Thomasij
1258 3503 1350 3568 Spilati
1369 3513 1395 3554 et
1420 3504 1485 3569 Lepi

294 3583 498 3659 Vgonis'Spine,
516 3610 546 3645 ec
564 3595 722 3646 «ildebrando
740 3595 856 3654 Errasti,
879 3593 1016 3644 Jacomino
1043 3590 1139 3652 Alfeni,
1168 3598 1194 3640 et
1218 3590 1328 3640 Forensi
1357 3589 1484 3640 debannis

294 3680 383 3730 Alfeni
402 3682 433 3730 de
450 3679 603 3730 Alienorum
622 3680 794 3739 societatibus,
812 3678 853 3727 uel
871 3677 997 3740 aliquibus
1016 3690 1060 3724 seu
1078 3675 1154 3724 alicui
1172 3689 1260 3725 eorum
1278 3675 1357 3735 socio,
1369 3675 1413 3724 uel
1426 3691 1484 3739 pro-

295 3766 406 3815 curatori
424 3765 522 3821 ciuibus
540 3772 567 3814 ct
584 3765 766 3815 mercatoribus
784 3762 950 3821 Florentinis,
977 3762 1008 3811 de
1035 3775 1143 3824 quorum
1170 3760 1295 3810 fidelitate
1324 3760 1485 3817 confidimns,

296 3852 342 3900 has
360 3850 405 3898 tibi
423 3849 521 3898 litteras
540 3849 719 3910 deterentibus,
738 3857 826 3898 nostro
853 3856 879 3896 et
908 3847 1022 3896 eiusdem
1047 3853 1113 3895 terre
1138 3853 1226 3894 sancte
1251 3846 1355 3895 nomine
1382 3845 1485 3894 sublato

295 3935 431 3985 cuiuslibet
448 3932 607 3984 difficultatis
625 3933 759 3984 obstaculo
778 3933 909 3996 assignare
927 3939 953 3981 et
979 3933 1106 3996 deponere
1131 3944 1262 3994 procures,
1289 3931 1360 3995 equis
1387 3945 1434 3995 per
1460 3937 1485 3979 te

296 4022 361 4069 inter
380 4021 515 4070 societates
534 4020 635 4068 easdem
653 4020 812 4083 portionibus
830 4017 1000 4076 diuidendum,
1019 4030 1096 4079 quent
1113 4013 1187 4064 nobis
1205 4015 1248 4064 uel
1265 4015 1305 4065 cui
1323 4015 1486 4065 mandaueri-

295 4121 351 4157 mus
369 4107 395 4154 iu
413 4106 528 4155 Romane
545 4106 615 4154 auria
632 4105 744 4169 predicte
762 4111 827 4166 terre
844 4103 949 4152 nomine
966 4099 1058 4165 prefati
1076 4102 1229 4149 mercatores
1239 4108 1375 4150 teneantur
1386 4101 1487 4164 integre

296 4191 423 4240 exhibere.
442 4188 537 4239 iaciens
556 4191 586 4239 de
605 4189 777 4252 assignatione
794 4196 820 4238 et
837 4187 995 4251 depositione
1017 4185 1161 4234 huiusmodi
1188 4186 1239 4235 duo
1267 4186 1372 4250 publica
1394 4185 1487 4235 confici

295 4275 388 4325 similia
402 4275 581 4338 justrumenta,
608 4291 714 4339 qnorum
740 4275 849 4324 aiterum
875 4273 919 4322 tibi
946 4273 1063 4330 retineas,
1090 4276 1116 4319 et
1142 4268 1267 4333 reliquum
1292 4268 1365 4318 uobis
1388 4270 1487 4319 mittas.

295 4362 393 4412 Datum
410 4363 491 4412 Rome
509 4362 578 4424 apud
595 4368 710 4411 sanctam
727 4359 849 4411 Sabinam
865 4358 917 4407 kal.
936 4354 1087 4406 Nouembris
1105 4361 1177 4418 pont.
1205 4354 1284 4404 nostri
1305 4368 1373 4404 anno
1394 4355 1487 4418 primo.

640 4443 705 4489 (Areu.
720 4444 761 4482 vat.
776 4443 823 4490 ling.
837 4443 905 4480 lionor.
920 4443 948 4479 tv.
963 4451 992 4479 sn.
1007 4441 1020 4478 1.
1035 4449 1065 4488 ep.
1079 4433 1136 4484 stt).

647 4668 695 4727 34.
742 4667 831 4727 1285.
878 4669 939 4724 lste
961 4665 1138 4724 November.

363 4784 493 4836 Honorius
511 4785 644 4848 episcopus
662 4799 681 4833 s.
701 4800 720 4833 s.
740 4786 763 4834 d.
783 4783 877 4833 dilecto
895 4782 948 4832 filio
961 4779 1113 4843 Huguitioni
1125 4779 1235 4842 plebano
1247 4776 1329 4842 plebis
1342 4778 1375 4826 de
1386 4775 1486 4827 Castel-

296 4872 363 4920 lioue
381 4870 488 4920 Aretine
506 4869 621 4929 diocesis,
639 4869 772 4933 capellano
794 4875 892 4928 nostro,
910 4864 1042 4915 collectori
1069 4865 1165 4914 decime
1191 4864 1218 4912 in
1244 4877 1325 4924 reguo
1351 4860 1485 4925 Norweye.
