3584 5625
937 460 976 519 46

445 641 511 721 [apl
552 647 671 707 Summa
692 647 799 706 valoris
833 647 904 706 dicti
938 647 1040 723 cambij
1075 648 1128 724 .vj0.
1151 649 1250 725 xxviij.
1283 670 1370 709 maro.
1399 650 1452 725 iiij.
1485 650 1554 707 den.

361 758 475 804 monete
495 748 650 808 Noricane.

445 849 496 920 [Et
513 853 553 908 sio
573 860 654 908 restat
685 851 719 907 dc
748 868 838 925 parua
862 853 980 925 pecunia
1012 852 1153 911 Noricam
1175 882 1216 891 -
1238 855 1366 927 ,afficit
1386 854 1443 910 lca.
1464 870 1550 909 marc.

360 952 395 1023 iot
415 970 473 1009 vno.
491 954 555 1025 ciii.
575 952 638 1009 dan.
660 960 760 1009 nwnetc
780 946 936 1023 Noricanel.

406 1307 593 1411 chnntm
624 1310 760 1388 cambia
793 1311 884 1386 laeta
917 1311 963 1386 de
996 1324 1138 1388 moneta
1171 1337 1280 1411 parua
1313 1312 1499 1388 Sivenica.

262 1482 359 1522 sarran
444 1458 543 1516 Primo
564 1459 600 1515 de
624 1488 662 1495 -
685 1459 725 1516 ‚iit
747 1458 806 1517 xxi.
838 1479 927 1517 marc.
950 1460 977 1535 ij.
1006 1480 1070 1519 vno.
1100 1461 1134 1531 [ct
1155 1454 1292 1531 dimidicl¹
1315 1479 1405 1536 parua
1436 1466 1552 1518 monete

298 1543 301 1552 ’
362 1557 474 1618 Sweeie
496 1560 617 1618 emimus
638 1561 675 1617 ad
698 1562 810 1637 pondus
829 1558 869 1619 ¹de
892 1561 1046 1622 Stocolmis
1070 1596 1108 1604 -
1132 1562 1210 1620 xliii.
1233 1581 1321 1619 marc.
1345 1582 1371 1619 v.
1393 1580 1459 1618 vnc.
1481 1560 1550 1636 xvij.

363 1660 427 1716 den.
449 1662 486 1717 ad
507 1662 620 1736 pondus
653 1662 823 1737 predictum.
858 1673 1027 1739 computata
1056 1665 1174 1721 marche
1207 1662 1336 1740 qualibet
1366 1662 1477 1739 argent-j
1514 1663 1552 1719 ad

361 1760 470 1819 dietum
492 1764 606 1838 pondus
628 1783 681 1840 pro
703 1783 738 1821 .v.
761 1783 847 1821 marc.
868 1764 918 1841 xij
940 1765 1003 1822 den.
1026 1785 1116 1841 parua
1135 1773 1249 1822 monete
1273 1765 1310 1822 de
1332 1764 1456 1825 Swecia.

450 1862 821 1908 --„,-,„.‚2

445 1967 519 2025 Item
543 1969 578 2025 dc
607 1968 686 2044 .viiijt
719 1990 808 2027 marc.
843 1989 934 2045 parue
967 1977 1080 2027 monete
1114 1968 1225 2029 Swecie
1259 1968 1379 2025 emimus
1405 1997 1435 2005 -
1463 1968 1553 2027 clxii.

362 2087 449 2127 marc.
472 2070 582 2145 argenti
605 2072 641 2128 ad
664 2073 777 2146 pondus
800 2071 835 2128 de
864 2070 979 2146 Brugis.
1009 2072 1046 2127 ad
1078 2071 1224 2129 racionem
1257 2070 1292 2146 .vJ'
1336 2090 1424 2129 marc.
1459 2090 1552 2146 parua

363 2179 476 2228 monete
497 2190 672 2247 pro.marca
693 2174 823 2250 qualibet
844 2171 964 2250 argentj.
987 2173 1092 2229 additis
1118 2171 1154 2227 ad
1183 2173 1301 2231 totalem
1326 2172 1475 2232 Summam
1498 2192 1551 2229 ex·

362 2281 448 2347 pacto
470 2273 525 2347 .xij.
548 2292 634 2331 marc.
656 2273 775 2350 argenti.
799 2276 836 2332 ad
859 2276 968 2333 dictum
988 2276 1101 2350 pondus
1125 2274 1160 2330 dc
1182 2274 1298 2349 Brugis.

447 2371 543 2446 Quam
566 2374 715 2434 Summam
736 2377 899 2452 recepimus
919 2377 948 2433 in
966 2410 1003 2418 -
1023 2375 1102 2432 mlix.
1124 2375 1228 2432 marcis
1243 2373 1360 2457 'argentj
1384 2374 1420 2431 ad
1443 2374 1553 2433 dictam

361 2474 476 2549 pondus
508 2476 544 2532 de
576 2476 683 2553 Brugis
712 2478 876 2537 valentibus
911 2508 938 2514 -
975 2476 1103 2552 xxxviij.
1140 2495 1227 2534 marc.
1249 2474 1295 2549 .vj.
1318 2493 1383 2534 unc.
1406 2474 1464 2551 viij.
1487 2476 1554 2533 den.

363 2576 472 2651 argentj
495 2577 533 2634 ad
554 2578 668 2653 pondus
689 2580 897 2638 Auiniouense.

510 2679 549 2736 Et
570 2679 599 2737 in
628 2708 657 2717 -
683 2679 724 2755 .th
746 2680 821 2756 xcvj.
841 2680 958 2740 florenis
980 2680 1051 2756 aurj.

689 2782 777 2859 .xlvij.
800 2783 864 2842 den.
886 2781 987 2861 *agnis
1008 2782 1044 2840 de
1066 2801 1147 2841 auro.

690 2884 736 2960 .iij.
759 2886 822 2942 den.
844 2886 881 2943 ad
901 2885 1066 2943 cathedram
1088 2885 1124 2942 dc
1146 2903 1226 2942 auro.

689 3004 716 3043 v.
738 2987 790 3044 sol.
811 2986 859 3061 vij.
882 2987 946 3044 den.
958 2986 1069 3043 Turon.
1086 2986 1198 3063 argenti
1216 2985 1349 3044 Francia.

692 3087 719 3144 .i.
741 3088 804 3144 den.
828 3087 1031 3163 sterlingorum
1052 3089 1173 3164 argenti,

363 3187 537 3265 computatis
558 3188 677 3264 singulis
700 3189 735 3246 de
758 3189 843 3248 cxiii.
876 3189 981 3248 marcis
1014 3190 1125 3266 argenti
1158 3189 1196 3246 ad
1228 3190 1342 3266 pondus
1377 3189 1411 3245 de
1445 3188 1554 3265 Brugis

362 3308 415 3365 pro
438 3288 505 3364 nlij.
527 3289 636 3348 Turon.
660 3289 770 3366 argenti
792 3308 883 3364 gross.
911 3290 987 3366 regis
1015 3292 1141 3350 Francia
1175 3300 1204 3348 et
1237 3290 1272 3347 ii.
1306 3290 1459 3366 sterlingis.
1495 3310 1553 3366 que

364 3409 461 3449 marce
482 3390 581 3448 valent
600 3411 658 3449 mx.
682 3391 769 3449 libras
792 3401 820 3447 et
843 3391 870 3447 .i.
893 3390 945 3450 sol.
967 3392 1015 3450 ix.
1039 3393 1102 3450 den.
1136 3393 1206 3451 Tur.
1238 3410 1328 3467 gross.
1360 3401 1389 3450 et
1421 3392 1446 3449 .i.
1479 3400 1553 3449 ster·
1657 3380 1660 3385 ¹

363 3492 482 3568 lingum.
493 3492 614 3569 singulis
625 3492 706 3568 agnis
717 3511 771 3568 pro
783 3512 838 3552 αν.
862 3493 927 3550 den.
949 3493 1059 3551 Turon.
1081 3513 1171 3569 gross.
1193 3494 1231 3552 .ii.
1254 3494 1317 3552 den.
1340 3493 1553 3568 sterlingorum,

365 3603 394 3650 et
414 3593 534 3668 singulis
556 3594 682 3651 denariis
704 3594 741 3651 ad
763 3595 929 3652 cathedram
952 3614 1004 3671 pro
1027 3596 1117 3670 xxiij.
1132 3597 1196 3654 den.
1214 3595 1325 3653 Turon.
1348 3613 1439 3669 grass.
1464 3603 1493 3651 at
1516 3593 1553 3650 ii.

364 3696 490 3770 sterling.
514 3703 543 3752 et
564 3695 684 3771 singulis
704 3694 819 3754 florenis
840 3715 893 3771 pro
916 3695 983 3771 .xiij,
1005 3698 1069 3755 den.
1087 3697 1197 3754 Turon.
1213 3715 1305 3772 gross.
1325 3705 1353 3753 et
1370 3695 1396 3753 .i.
1415 3695 1553 3771 sterlingo

366 3796 548 3872 computatis.

448 3898 523 3955 Item
545 3897 581 3954 de
610 3916 655 3954 m.
688 3916 713 3954 c.
743 3896 896 3975 lxxxxviij.
925 3899 1029 3958 marcis
1063 3918 1129 3958 cum
1162 3898 1281 3956 dimidia
1314 3918 1404 3974 parue
1437 3907 1553 3956 monete

366 3999 477 4060 Swecia
494 3999 614 4058 emimus
634 4026 668 4035 -
684 3997 725 4073 .ij⁰.
745 3999 795 4056 iiii.
816 4019 930 4059 marcas
952 3988 1062 4077 irgentj
1085 4002 1122 4060 ad
1145 4001 1257 4076 pondus
1269 3999 1448 4060 Coloniense.
1473 4019 1553 4058 oom-

365 4109 468 4177 putata
489 4101 619 4176 qualibet
650 4118 749 4159 marca
776 4101 886 4177 argentj
920 4122 973 4178 pro
1007 4123 1044 4161 .v.
1076 4103 1181 4162 marcis
1213 4112 1242 4160 et
1274 4102 1329 4178 .vij.
1358 4103 1450 4160 vnciis
1475 4101 1553 4159 dicte

365 4222 457 4279 parua
478 4211 598 4260 monete.
622 4220 709 4278 quam
732 4201 880 4262 Summam
902 4205 1012 4280 argenlj
1035 4205 1197 4281 recepimus
1218 4204 1248 4261 in
1278 4233 1319 4241 -
1342 4203 1393 4277 .vjt
1414 4201 1463 4277 xij.
1486 4203 1551 4260 den.

365 4303 524 4380 Regalibus
546 4303 608 4377 amj
631 4303 667 4360 tle
689 4303 775 4361 cunio
797 4303 930 4363 Francia.
954 4306 1128 4384 computatis
1159 4305 1280 4381 singulis
1313 4303 1416 4362 marcis
1438 4303 1552 4379 argenti

366 4424 419 4481 pro
441 4405 488 4463 .iii.
510 4405 574 4462 den.
596 4405 741 4481 regalibus
764 4405 834 4480 aurj.

427 4584 430 4588 ἢ
450 4507 524 4564 Item
547 4507 583 4564 de
668 4507 719 4564 ,ixi
743 4507 801 4565 liiii.
825 4509 930 4568 marcis
952 4530 988 4568 .v.
1011 4529 1075 4568 vno.
1098 4527 1164 4566 cum
1186 4506 1304 4565 dimidia
1326 4527 1416 4584 parue
1438 4517 1553 4566 monete

366 4606 478 4668 Sweoie
501 4608 621 4665 emimus
646 4634 680 4644 -
706 4608 791 4666 clxii.
814 4627 928 4668 marcas
950 4630 1015 4670 eum
1039 4609 1157 4668 dimidia
1179 4609 1291 4685 argenti
1313 4610 1351 4666 ad
1384 4613 1497 4684 pondus
1517 4614 1553 4670 de

401 4751 410 4780 ¹
433 4756 535 4806 Ordene
553 4761 595 4817 „et
611 4749 731 4805 dimidia“
750 4763 807 4805 stae
823 4757 957 4810 istadetfor
974 4766 1053 4823 neget
1069 4759 1237 4809 bertraderet.
1273 4755 1285 4784 ²
1302 4759 1356 4808 Her
1373 4774 1415 4808 are
1438 4767 1476 4810 tre
1493 4760 1553 4810 Lin-

430 4839 473 4904 jer
488 4840 674 4890 bertraderede.
