3584 5625
954 674 1028 733 '.elv.
1051 694 1139 734 marc.
1159 675 1206 751 vij.
1228 695 1293 735 vno.
1305 676 1417 754 argenti

982 817 985 829 ,
1005 760 1042 818 ad
1064 760 1179 836 pondus
1200 762 1236 819 de
1255 762 1417 823 Stocolmis.

964 841 1010 918 .vj.
1031 845 1155 903 florenos
1175 847 1248 904 auri.
1347 844 1352 856 '

964 928 1011 1004 .iij.
1022 929 1086 989 libr.
1098 929 1135 1005 vj.
1147 930 1200 988 sol.
1218 930 1265 1007 vij.
1277 932 1341 991 den.
1351 951 1416 991 cum

1005 1013 1077 1071 dim‘!
1099 1015 1171 1073 Tur.
1182 1016 1302 1092 argenti.

962 1098 1030 1157 arxi.
1052 1099 1105 1158 soi.
1124 1098 1172 1175 vij.
1194 1101 1259 1159 den.
1277 1100 1325 1160 *et
1346 1101 1416 1160 dine

1003 1183 1130 1259 sterling.
1153 1185 1273 1261 argentj.

964 1265 1012 1342 ‚xj.
1035 1269 1088 1327 sol.
1104 1267 1152 1344 iiij.
1164 1269 1228 1327 den.
1250 1270 1360 1347 argentj
1380 1271 1415 1329 de

1004 1353 1133 1411 Boemia.

962 1436 987 1493 .i.
1001 1456 1127 1497 marcam
1144 1457 1210 1496 cum
1228 1437 1298 1497 dim!
1309 1457 1374 1497 vno.
1387 1447 1415 1497 et

1003 1532 1108 1598 quarta
1124 1532 1207 1598 parte
1228 1524 1312 1581 vnius
1331 1523 1415 1581 solidi

1005 1603 1089 1683 [quod
1098 1617 1137 1665 est
1147 1610 1182 1682 ,ᾑὶ
1193 1603 1281 1679 dea.]¹
1295 1608 1330 1666 de
1343 1628 1414 1666 auro

1003 1693 1040 1750 ad
1062 1693 1176 1769 pondus
1199 1693 1235 1749 de
1252 1693 1415 1754 Stocolmis.

962 1777 1043 1853 .viiij⁰.
1064 1778 1145 1835 xxiii.
1156 1797 1244 1837 snare.
1258 1797 1324 1837 cum
1344 1779 1414 1837 dim!

1003 1872 1031 1920 et
1045 1882 1103 1920 vna
1120 1882 1180 1934 ora,
1196 1874 1225 1921 et
1236 1863 1304 1939 xiij.
1315 1864 1412 1923 denar.

931 1955 934 1963 ⁴
1001 1967 1093 2024 parue
1113 1957 1228 2006 monete
1250 1947 1370 2009 Sweeie.

228 1317 293 1398 [cp]
338 1323 458 1382 Summa
484 1321 590 1397 pagine
612 1321 647 1378 de
669 1320 704 1379 R.
727 1337 781 1395 pro
804 1338 920 1377 camera

704 2127 937 2199 Vexionensis.
1161 2200 1166 2212 ¹
1412 2145 1512 2187 mes.

308 2270 432 2329 Decima
454 2269 638 2345 episcopatus
659 2267 853 2325 Vexioueusis
882 2269 919 2326 de
948 2268 1078 2344 quolibet
1107 2288 1184 2327 anno
1216 2270 1343 2330 aseendit
1374 2271 1412 2329 ad

226 2371 306 2447 ‚lxxj
329 2389 456 2430 marcam
480 2379 509 2428 et
525 2368 748 2443 ‚xiiij.denari0s
771 2389 861 2445 paruo
883 2369 1131 2429 moneteSwecie.
1175 2371 1314 2430 Ascendit
1335 2372 1413 2430 dicta

225 2473 337 2531 decima
359 2474 395 2529 de
417 2492 468 2531 sex
491 2471 573 2529 annis
595 2470 654 2545 .iiijs
675 2471 753 2546 xxvj.
773 2490 884 2529 marcus
907 2471 953 2545 .iij.
976 2472 1075 2530 vucias
1097 2492 1163 2531 cum
1185 2473 1302 2530 dimidia
1324 2474 1412 2532 dena·

224 2575 333 2633 riorum
356 2575 538 2634 Sweuorum.
560 2591 617 2648 que
640 2572 765 2648 pecunia
787 2571 862 2629 dicte
885 2572 996 2630 decime
1018 2573 1142 2632 collecta
1163 2573 1256 2632 iuerat
1284 2585 1312 2632 et
1328 2594 1415 2651 repo·

225 2677 281 2735 sita
303 2676 330 2733 in
353 2675 485 2733 sacristia
507 2674 628 2732 ecclesie
651 2674 852 2732 Vexionensis.
875 2694 934 2750 qua
953 2673 1077 2750 pecunia
1105 2678 1245 2744 existente
1273 2676 1304 2733 iu
1336 2676 1415 2735 dieta

224 2778 365 2837 sacristia.
397 2796 473 2836 anno
506 2775 553 2853 ‹lnj
588 2775 737 2834 millesimo
760 2781 833 2834 .cce⁰¹
855 2775 938 2851 xviijt
966 2777 1086 2835 suborta
1113 2777 1166 2835 tuit
1197 2796 1311 2853 guerra.
1340 2778 1414 2837 inter

224 2881 325 2939 Dacos
347 2878 526 2956 Teutonicos
548 2888 576 2936 et
596 2879 726 2939 Sweuos.
746 2877 842 2935 taliter
863 2878 942 2953 quod
964 2897 1040 2936 anno
1060 2879 1191 2955 predicto
1213 2879 1249 2954 .ij.
1272 2880 1318 2938 die
1349 2892 1415 2956 post

224 2979 328 3039 testum
351 2979 547 3056 apostolorum
568 2979 695 3057 Philippi
717 2989 746 3037 et
766 2981 876 3038 Iacobi.
899 2980 1017 3057 qnidam
1039 2982 1181 3056 predones
1203 2982 1239 3039 de
1259 2982 1364 3041 Dacia
1387 2990 1415 3040 et

225 3081 383 3140 Alamania
405 3083 470 3139 cuin
493 3082 579 3139 armis
600 3091 743 3140 venerunt
764 3083 801 3140 ad
820 3082 973 3141 ecclesiam
983 3083 1208 3153 verdonensem,
1230 3093 1258 3141 et
1279 3103 1331 3159 per
1352 3085 1414 3142 vio·

225 3183 351 3241 lenciam
374 3182 472 3240 claues
504 3182 624 3241 ecclesie
656 3191 684 3239 et
713 3183 841 3241 sacristis
867 3184 993 3261 ¹sacriste
1026 3183 1215 3242 abstulerunt.
1247 3193 1276 3241 et
1307 3185 1413 3243 dietam

226 3284 387 3343 sacristiam
409 3283 597 3341 intrauerunt.
619 3292 648 3340 ct
669 3303 752 3341 arcas
781 3284 858 3343 dicte
887 3285 1016 3343 sacristis
1048 3284 1202 3360 fregerunt.
1246 3285 1285 3342 Et
1311 3286 1414 3344 exinde

226 3386 263 3443 de
285 3385 409 3462 pecunia
431 3385 507 3442 dicte
529 3385 640 3443 decime
662 3368 858 3443 extraxerunt.
881 3395 910 3442 et
932 3405 1031 3444 seeum
1057 3395 1289 3462 asportauerunt.
1319 3407 1412 3462 usque

227 3486 265 3544 ed
286 3505 428 3545 summam
452 3505 485 3544 .c.
508 3485 567 3542 lxv.
589 3504 760 3544 marcarum.
780 3495 809 3543 et
830 3505 887 3542 .xx.
910 3487 1103 3545 denariorum.
1131 3496 1347 3544 numeratorum
1376 3489 1413 3546 ad

228 3588 346 3646 modum
369 3587 490 3647 Sweoie.
512 3588 548 3645 de
570 3587 676 3664 quibus
697 3595 869 3664 procurator
898 3587 946 3662 dr’rj
976 3587 1103 3664 episcopi
1136 3587 1330 3646 Vexionensis
1363 3609 1415 3664 per

227 3697 315 3748 testes
336 3690 465 3765 ydoneos
499 3697 528 3746 et
552 3689 713 3764 fidedignos
742 3688 877 3765 probauit
908 3689 1035 3765 legitime
1068 3678 1167 3746 coram
1200 3689 1291 3748 nobis.
1328 3690 1414 3749 fratre

141 3864 142 3871 ἵ
226 3791 357 3850 Iohanne
379 3792 415 3847 de
437 3790 546 3851 Serone
569 3800 597 3848 et
619 3790 769 3848 Bernardo
790 3790 826 3847 de
849 3790 966 3851 Ortolis.
999 3791 1068 3849 dum
1096 3810 1223 3850 essemus
1251 3792 1279 3848 in
1301 3791 1414 3851 Litosia

227 3894 256 3951 in
280 3893 359 3951 exitu
388 3893 468 3969 regni
501 3891 622 3952 Sweeie.
675 3891 834 3951 Residuum
867 3911 936 3950 vero
968 3892 1045 3950 dicte
1078 3892 1189 3951 decime
1221 3893 1414 3952 Vexionensis

226 4013 320 4071 usque
351 3995 390 4054 ad
422 3992 540 4052 totalem
571 4011 713 4052 summam
747 3992 808 4068 .iiijt
840 3993 919 4069 xxvj.
947 4013 1109 4052 marcarum
1137 3993 1188 4068 .iij.
1210 4013 1325 4052 orarum
1348 4014 1413 4053 oum

226 4096 354 4170 dimidia,
375 4114 533 4173 paruarum
556 4096 747 4166 denariorum,
771 4097 882 4171 recepit
904 4094 1098 4153 dfisAraldus
1111 4094 1270 4154 canonicus
1286 4095 1413 4172 Lincop-

227 4198 303 4258 ensis
325 4218 342 4256 a
365 4198 423 4255 diro
453 4197 590 4273 episcopo
622 4197 809 4256 Vexionensi.
843 4198 888 4256 eui
923 4197 1000 4254 dicto
1034 4197 1091 4254 dno
1112 4197 1225 4255 Araldo
1249 4198 1413 4256 comisimus

227 4299 306 4358 vices
338 4306 458 4357 nostras.
491 4298 628 4357 videlicet
660 4298 700 4373 .ij0¹
721 4298 770 4373 lxj.
804 4317 917 4357 marcas
949 4298 985 4373 .ij.
1017 4299 1116 4357 vncias
1138 4297 1204 4373 .xvj.
1230 4299 1292 4356 den.
1322 4319 1414 4374 parue

227 4410 351 4458 monete.
373 4417 446 4476 quas
465 4399 576 4477 recepit
595 4401 624 4458 in
645 4401 763 4479 ¹modum
786 4401 835 4475 qui
857 4400 996 4476 sequitur.
1349 4406 1352 4412 ’

311 4502 399 4559 Anno
422 4500 469 4575 dr'rj
492 4501 642 4560 millesimo
665 4508 739 4560 ‚eret
760 4501 865 4579 xxviijt
887 4512 915 4560 et
938 4501 1027 4578 xiiij‘!
1055 4501 1101 4557 die
1123 4499 1227 4559 mensis
1254 4500 1414 4576 Februarij,

226 4603 350 4679 Recepit
371 4601 498 4678 prefatus
521 4602 575 4661 dns
594 4603 723 4662 Araldus
745 4604 928 4663 comissarius
946 4614 1044 4662 noster
1055 4622 1073 4660 a
1086 4604 1143 4661 dno
1156 4602 1264 4660 Boeeio
1276 4603 1413 4678 episcopo

225 4705 406 4764 Vexionensi
428 4702 595 4761 dedecima
616 4705 800 4780 episcopatus
821 4705 1016 4763 Vexionensis
1038 4704 1094 4778 .iiij.
1118 4723 1229 4761 marcas
1250 4705 1275 4762 .i.
1298 4704 1413 4763 vnciam

263 4848 274 4878 ¹
291 4851 352 4902 Tru.
371 4867 432 4903 over
448 4852 551 4917 hinjsn.

1193 4923 1212 4982 3
