3584 5625
772 496 776 513 ¹
857 485 915 545 165

300 676 338 719 tes
357 669 478 719 Flandrie
494 669 625 731 nauigare,
644 669 746 720 tandem
764 676 817 719 tum
834 678 911 720 naute
929 684 1004 734 quam
1023 669 1138 719 nonnulli
1156 667 1199 732 aiij
1230 667 1307 718 etiarn
1336 668 1484 732 perditionis

297 755 352 819 filij,
371 754 414 819 qui
432 762 505 804 erant
522 755 547 803 in
564 753 679 818 predicta
696 756 764 816 naui,
782 756 815 804 ed
831 755 960 804 interitum
979 754 1105 805 dictomm
1122 761 1299 815 mercatorum,
1323 760 1350 802 et
1375 767 1484 816 occupa·

298 842 394 891 tionem
412 837 522 903 pecunie¹
536 853 566 888 ac
583 840 706 890 mercium
722 839 866 890 huiusmodi
884 840 1034 904 aspirantes,
1051 846 1078 890 et
1094 842 1166 890 iuter.
1176 853 1204 889 se
1220 853 1301 903 praue
1313 837 1420 888 consilia
1431 838 1484 888 ine·

297 931 381 983 untes,
399 925 426 974 iu
442 922 524 974 noetis
542 923 661 984 tenebris,
680 926 705 973 in
723 924 852 988 pradictus
870 913 954 976 socius
971 932 998 975 et
1014 925 1080 975 alios
1097 924 1173 975 etiam
1192 924 1234 988 qui
1251 938 1339 975 secum
1356 929 1429 972 erant
1442 937 1484 974 ue-

273 1051 276 1058 .
298 1011 381 1073 quitor
397 1008 532 1069 irruerunt,
552 1019 577 1058 et
595 1025 627 1059 ex
646 1009 682 1060 eis
700 1010 768 1060 circa
785 1010 910 1071 undecim,
926 1010 1016 1059 eodem
1035 1008 1114 1061 Gutio
1131 1011 1267 1061 dumtaxat
1283 1015 1393 1072 excepto
1410 1008 1485 1062 mise·

299 1094 413 1145 rabiliter
429 1093 595 1158 interemptis,
605 1109 743 1157 eorumque
760 1094 909 1159 corporibus
926 1095 1047 1146 demersis
1064 1095 1091 1145 in
1107 1109 1178 1146 mare
1195 1095 1328 1159 pecuniam
1346 1101 1372 1143 et
1388 1107 1485 1146 merces

298 1179 426 1245 predictas
444 1192 569 1243 occupare
587 1178 782 1242 dampnabiliter
798 1187 1006 1243 presumpserunt
1023 1180 1049 1232 in
1066 1180 1207 1231 auimamm
1225 1177 1485 1243 suarumpericulum,

299 1278 330 1315 sc
346 1265 460 1315 eiusdem
478 1264 545 1314 sedis
563 1264 690 1325 iniuriam,
708 1272 734 1314 et
761 1263 829 1314 diets
852 1270 919 1315 terre
947 1272 1034 1315 sancte
1061 1280 1113 1316 uou
1142 1264 1270 1316 modicum
1296 1263 1484 1315 detrimentum.

298 1349 396 1401 Verum
414 1349 481 1400 sicut
496 1349 641 1412 accepimus
660 1356 688 1397 tu
704 1347 784 1399 irater
801 1348 1000 1414 archiepiscope,
1017 1364 1048 1400 ac
1066 1349 1184 1402 consules
1202 1348 1315 1400 ciuitatis
1331 1348 1485 1412 Bremensis,

299 1444 429 1502 tamquam
446 1424 630 1485 benedictionis
646 1431 701 1494 filij,
718 1440 745 1483 et
762 1441 889 1485 amatores
908 1435 956 1496 dei,
974 1448 1005 1485 ae
1021 1440 1181 1500 promotores
1198 1434 1293 1498 negotij
1312 1442 1377 1490 teme
1397 1442 1486 1485 sancte

299 1520 477 1572 malefectores
495 1518 641 1570 huiusmodi
659 1518 700 1582 qui
718 1523 776 1567 enm
794 1521 906 1584 acceptis
929 1520 1019 1586 spolijs
1045 1521 1079 1571 ad
1104 1526 1189 1585 partes
1217 1519 1299 1571 Frisie
1325 1520 1485 1583 nauigarent,

298 1614 437 1673 postquam
453 1605 525 1655 uobis
544 1606 575 1654 dc
593 1602 738 1654 huiusmodi
756 1609 903 1670 perpetrato
922 1606 1016 1656 scelere
1033 1605 1156 1667 constitit,
1173 1618 1263 1667 capere
1281 1611 1356 1669 atque
1386 1606 1419 1655 ad
1447 1620 1486 1657 re·

299 1692 490 1756 cuper-ationem
507 1689 615 1755 pecunia
632 1703 662 1738 ac
680 1681 802 1739 moreium
818 1690 988 1753 predictarum
1006 1706 1052 1756 pro
1071 1689 1167 1741 uiribus
1188 1690 1319 1741 intendere
1345 1689 1486 1752 studuistis,

298 1789 374 1841 super
391 1791 442 1840 quo
460 1770 657 1827 sollicitudinem
674 1780 746 1823 tuam
763 1774 846 1838 dignis
863 1775 890 1825 in
908 1776 1012 1826 domino
1030 1776 1148 1826 laudibus
1166 1774 1380 1836 commendantes,
1396 1773 1486 1825 frater·

298 1855 406 1911 uitatem
425 1872 496 1911 tuam
512 1874 643 1923 rogamus,
658 1873 791 1909 monemus
809 1867 835 1909 et
847 1860 979 1911 hortamur
996 1867 1093 1917 attente
1109 1875 1155 1923 per
1172 1859 1315 1924 apostolica
1332 1860 1377 1911 tibi
1391 1859 1487 1925 scripta

298 1947 457 2006 mandantes,
476 1946 593 2009 quatinus
611 1945 750 2008 prudenter
767 1946 911 2004 attendens,
929 1954 956 1995 et
972 1946 1107 2008 diligenter
1124 1946 1268 2005 aduertens,
1285 1945 1355 2008 quod
1370 1946 1397 1995 in
1415 1960 1486 1997 recu·

298 2030 430 2095 paratione
447 2030 526 2094 ipsius
545 2029 651 2095 pecunie
669 2029 737 2079 dicte
754 2037 820 2080 terre
834 2038 928 2080 sancte
945 2037 1098 2094 procuratur
1114 2028 1219 2090 utilitas,
1238 2043 1268 2078 ac
1286 2036 1413 2092 prestatur
1441 2031 1486 2081 ob·

298 2114 413 2177 sequium
431 2114 536 2165 domino
555 2114 619 2164 Jesu
638 2112 741 2164 Christo
765 2116 807 2177 qui
832 2130 878 2180 pro
905 2115 1060 2165 redemtione
1086 2114 1189 2164 humani
1217 2114 1317 2177 generis
1341 2114 1369 2164 in
1397 2116 1485 2165 eadem
1583 2132 1585 2135 ·

298 2207 367 2249 tarra
383 2206 491 2249 mortem
510 2199 594 2249 subire
612 2198 696 2249 uoluit
712 2200 887 2265 temporalem,
907 2200 940 2250 ob
959 2199 1028 2250 illius
1046 2207 1072 2251 et
1093 2197 1192 2263 prefate
1221 2199 1288 2249 sedis
1317 2199 1486 2250 reuerentiam

299 2284 331 2333 sd
348 2285 569 2347 recuperationem
585 2285 692 2348 pecunie
718 2299 749 2333 ao
775 2285 896 2335 mercium
924 2286 1104 2350 predictamm,
1130 2286 1196 2335 sicut
1225 2284 1333 2334 sollicite
1362 2285 1486 2348 incepisti,

299 2367 394 2419 uiribus
413 2368 475 2418 totis
492 2369 616 2430 intendas,
634 2383 665 2418 ac
682 2367 753 2419 illam
771 2369 879 2420 fideliter
895 2371 1065 2435 prosequaris.
1113 2368 1158 2419 Jta
1184 2369 1253 2433 quod
1281 2368 1423 2419 auxiliante
1441 2369 1486 2421 tibi

298 2451 385 2503 diuina
403 2454 495 2517 gratie,
512 2453 623 2517 pecnnia
640 2453 696 2518 ipsa
713 2462 739 2504 et
755 2468 852 2505 merces
870 2456 948 2505 etiam
965 2458 997 2506 de
1015 2454 1186 2520 predictorum
1211 2450 1405 2504 malefactorum
1433 2467 1486 2505 ma·

297 2538 372 2605 nibus
391 2536 454 2602 eripi
470 2535 576 2587 ualeant
592 2545 617 2588 et
633 2538 659 2587 in
678 2552 739 2589 usus
757 2537 875 2591 meliores
893 2539 1017 2591 conuerti.
1050 2537 1154 2605 Nosque
1170 2537 1334 2589 deuotionem
1346 2544 1417 2590 tuam
1427 2554 1487 2605 pos·

298 2623 377 2674 simus
395 2623 488 2674 exinde
506 2622 690 2675 commendare.
718 2626 851 2687 pecuniam
882 2634 968 2676 autem
994 2640 1070 2690 quam
1097 2637 1248 2689 recuperans
1273 2622 1378 2695 poteris,
1404 2623 1487 2688 sideni

298 2706 381 2759 (lucio
398 2707 441 2758 nel
448 2706 527 2759 Nerio
536 2705 663 2757 lobannis
681 2706 735 2758 elus
753 2710 825 2761 socio
843 2711 938 2770 nostris
956 2704 1143 2763 mercatoribus
1158 2707 1199 2758 uel
1217 2721 1306 2759 sorum
1328 2693 1487 2776 procuratori

297 2793 323 2844 ln
341 2791 502 2858 aliquotuto‘
519 2789 578 2844 loco
596 2791 676 2844 iacias
693 2794 818 2860 assignari
836 2800 882 2865 per
899 2812 944 2849 eos
962 2803 1058 2848 extunc
1075 2797 1109 2847 nd
1126 2810 1190 2861 opns
1209 2794 1276 2845 dicte
1293 2802 1359 2846 terre
1377 2796 1410 2846 ad
1427 2809 1486 2847 nos·

297 2876 367 2927 tram'
380 2891 509 2929 cameram
527 2877 697 2930 deferendam.
745 2879 873 2947 Quicquid
900 2889 986 2934 autern
1012 2897 1088 2947 super
1115 2881 1166 2931 hoc
1189 2879 1313 2930 duxeritis
1342 2877 1487 2932 iaciendum

296 2963 371 3014 nobis
388 2977 435 3027 per
452 2970 509 3013 tuas
526 2963 625 3014 litteras
643 2963 733 3016 harum
752 2968 841 3018 seriem
860 2969 1019 3018 continentes
1037 2967 1140 3018 studeas
1157 2964 1268 3015 fideliter
1278 2958 1403 3016 intimare.
1432 2965 1487 3016 Da·

297 3053 352 3096 tum
369 3049 438 3112 apud
454 3046 552 3098 Vrbem
569 3055 681 3100 ueterem
700 3050 750 3113 aij.
769 3051 825 3102 idus
844 3052 957 3116 Augusti
974 3052 1137 3117 pontificatus
1156 3049 1236 3100 nostri
1253 3063 1321 3100 anno
1339 3051 1424 3102 tertio.

365 3129 488 3182 Nicolans
506 3133 549 3184 duc.
568 3133 668 3185 dilectis
686 3135 745 3199 filijs
763 3137 940 3186 communitati
957 3138 1068 3187 ciuitatis
1094 3135 1242 3186 Bremensis
1267 3135 1310 3185 dre.
1347 3131 1420 3193 (Pac
1446 3131 1488 3184 det

296 3225 419 3267 mmm
436 3215 603 3285 'melydendd'
651 3283 720 3329 (Arse.
736 3286 777 3326 Vnt.
792 3287 837 3335 ltrg.
852 3288 892 3326 llio.
910 3288 938 3326 tv.
954 3299 985 3326 sn.
1000 3289 1026 3327 lli.
1041 3299 1071 3337 cp.
1085 3284 1138 3333 ³4³).

673 3460 721 3518 46.
769 3461 857 3520 1290,
904 3462 960 3520 lde
982 3461 1109 3539 August.

365 3571 488 3624 Nicolaus
506 3575 641 3640 opiscopus
660 3592 679 3626 s.
696 3591 715 3624 s.
735 3577 759 3626 d.
777 3577 909 3628 canssimo
927 3578 953 3627 in
971 3576 1075 3628 Christo
1092 3578 1146 3628 filio
1168 3573 1329 3642 R[udolpho]
1356 3577 1411 3642 regi
1436 3577 1487 3628 Ro·

298 3672 432 3708 manorum
447 3658 551 3722 jilustri.
586 3660 629 3710 lla
647 3669 718 3726 parte
738 3654 794 3733 [etc.
813 3671 841 3713 ut
855 3679 934 3728 supro
949 3679 1024 3729 usque
1054 3659 1254 3725 detrimentum]⁸
1297 3662 1395 3714 Verum
1421 3662 1488 3714 sicut

298 3744 442 3807 accepimus
459 3744 610 3796 venerabilis
628 3745 706 3796 frater
723 3754 811 3796 noster
830 3784 835 3795 .
855 3784 860 3796 .
880 3746 1087 3814 archiepiscopus
1105 3757 1131 3798 et
1148 3747 1235 3799 dilecti
1252 3747 1298 3812 filij
1317 3747 1487 3799 communitas

297 3826 443 3878 Bremensis
462 3823 517 3888 [ete.
535 3846 609 3897 usque
627 3827 798 3894 nauigarent]‚
816 3839 952 3898 postquam
970 3834 1006 3883 cis
1025 3833 1141 3884 constitit
1158 3834 1189 3884 de
1218 3834 1364 3884 huiusmodi
1391 3829 1487 3882 scelere

296 3921 451 3978 perpetrato,
469 3923 590 3979 ceperunt
607 3922 633 3965 et
649 3917 681 3965 ad
700 3919 918 3987 recuperationem
935 3920 1042 3980 pecunie
1060 3933 1091 3968 ac
1107 3919 1228 3969 mercium
1246 3919 1416 3984 predictarum
1439 3932 1486 3983 pro

298 3999 394 4050 uiribus
412 4001 553 4051 elaborant.
589 3999 657 4062 Quia
674 4015 735 4050 uero
754 4002 912 4054 celsitudinis
931 4003 1008 4067 regis,
1027 4020 1103 4068 quem
1121 4004 1227 4068 diligere
1244 4004 1368 4054 iustitiam
1383 4003 1487 4072 etodire

297 4082 464 4148 iniquitatem,
483 4100 642 4150 nequaqnam
661 4086 820 4149 ambigimus,
838 4086 954 4137 inriorem
973 4098 999 4138 et
1016 4091 1125 4153 gratiam
1143 4091 1176 4138 ad
1193 4090 1411 4153 recuperationem
1431 4103 1487 4153 pre·

297 4169 424 4220 dictarnm
442 4184 527 4220 rernm
545 4170 602 4222 iore
619 4172 744 4221 credimus
764 4180 913 4236 oportunus,
932 4169 1095 4223 serenitatem
1112 4174 1207 4238 regiam
1231 4188 1351 4236 rogamus
1378 4180 1404 4223 et
1429 4174 1487 4223 hor·

299 4261 384 4303 tamur
401 4261 507 4315 attente,
526 4257 645 4320 quatinus
662 4257 846 4307 mercatoribus
873 4258 1010 4307 antedictis
1036 4259 1078 4307 uel
1107 4273 1194 4308 eorum
1223 4258 1313 4309 nuntio
1342 4259 1488 4309 huiusmodi

297 4339 431 4402 negotium
448 4342 661 4404 prosequentibus
679 4357 736 4391 cum
754 4341 787 4391 ab
804 4342 840 4392 eis
859 4341 937 4392 frueris
960 4344 1095 4406 requisitus
1121 4343 1155 4393 ob
1182 4342 1293 4393 diuinam
1323 4352 1349 4392 et
1374 4351 1488 4394 nostrum

298 4425 467 4474 reuerentiam
484 4431 509 4475 te
527 4427 648 4477 exhibeas
666 4425 834 4477 fauorabilem
852 4435 877 4477 et
903 4427 1048 4490 benignum,
1071 4428 1113 4490 jta
1139 4430 1207 4491 quod
1236 4435 1278 4476 tnc
1304 4424 1487 4492 maignitudinis

298 4507 409 4573 presidio
426 4510 563 4572 mediante,
580 4513 687 4575 predicti
704 4521 858 4563 mercatores
878 4521 904 4563 et
921 4528 967 4576 per
984 4527 1143 4579 consequens
1161 4520 1229 4563 terra
1247 4521 1337 4563 sancta
1353 4515 1487 4578 pecuniam

297 4591 389 4656 ipsam,
407 4593 461 4643 eius
479 4594 593 4644 subsidio
612 4596 759 4660 deputatam
777 4582 927 4661 recuperare
946 4598 1056 4660 ualeant,
1074 4612 1169 4662 nosque
1188 4598 1364 4648 celsitudinem
1391 4598 1487 4662 regiam

297 4684 404 4742 propter
420 4677 471 4727 boc
490 4680 572 4743 dignis
589 4681 616 4729 in
634 4681 738 4730 domino
755 4681 873 4731 laudibus
891 4681 1009 4732 attollere
1028 4682 1168 4734 ualeamus.
1202 4685 1300 4734 Datum
1313 4684 1380 4748 apud
1390 4682 1487 4732 Vrbem

300 4768 414 4812 ueterem
434 4763 484 4825 aij.
502 4765 561 4813 idus
579 4764 693 4828 Augusti
710 4765 874 4829 pontificatus
892 4768 972 4817 nostri
991 4782 1058 4818 anno
1077 4764 1160 4819 tertio.

656 4847 720 4893 [areb.
737 4848 778 4887 ναι,
793 4849 838 4899 lleg.
853 4849 894 4890 liic.
908 4851 938 4890 lv.
952 4862 982 4890 aa.
997 4852 1023 4890 ΙΙΙ.
1038 4861 1069 4900 ep.
1082 4848 1135 4895 atet.
