3584 5625
960 492 1019 549 ret

392 685 487 739 noster,
504 691 594 742 gersus
612 678 684 727 cordi
701 676 832 741 negotium
849 684 916 745 terre
932 681 1028 735 sancte,
1047 673 1224 724 celsitudinem
1242 683 1312 723 tuam
1329 672 1584 738 persuassubeerts'

391 761 475 811 iorme
492 761 591 811 litteras
609 763 684 811 duxit
700 762 842 825 rogandam
859 762 982 810 attentius
1000 767 1026 810 et
1042 760 1203 819 hortandum,
1220 769 1250 808 ut
1266 758 1345 822 ipsius
1363 764 1430 807 terre
1455 760 1583 822 pressuris

391 846 531 896 innumeris
549 853 575 895 et
591 846 773 897 afflictionibus
790 845 905 909 plurimis
923 848 993 909 regia
1010 846 1104 909 pietate
1117 845 1275 909 compatiens
1287 845 1434 895 nullatenus
1444 842 1583 907 impedires

392 944 439 981 uec
456 932 572 996 impediri
589 931 757 996 permitteres,
775 930 836 995 quin
854 931 952 981 decima
970 931 1037 980 dicte
1054 939 1120 979 terre
1137 930 1250 980 subsidio
1267 929 1294 978 iu
1310 941 1391 992 regno
1402 928 1583 993 tuoperlsug-

392 1017 506 1067 dunense
523 1016 659 1067 concilium
676 1017 799 1081 deputate
816 1015 1001 1076 extraheretur,
1013 1016 1112 1064 exinde
1127 1013 1208 1065 libere
1224 1016 1250 1064 in
1271 1014 1414 1078 predictum
1438 1012 1583 1063 subsidium

391 1103 532 1152 secundum
549 1098 690 1166 apostolice
706 1100 774 1149 sedis
791 1098 924 1149 arbitrium
941 1100 1106 1165 disponenda.
1142 1096 1439 1161 cumautsmprsistmu
1447 1100 1582 1163 negotium

391 1186 550 1250 potissimum
567 1185 676 1235 insident
691 1184 763 1234 cordi
780 1191 880 1243 nostro,
898 1191 925 1233 et
941 1184 975 1234 ed
992 1183 1091 1236 felicem
1108 1183 1389 1249 promotionemiilius
1413 1182 1583 1246 uigilantibus

392 1269 484 1335 st'udijs
502 1271 672 1330 intendemus,
689 1269 802 1333 regalem
819 1269 1035 1333 magnificentium
1052 1285 1173 1334 rogamus
1190 1276 1216 1320 st
1244 1270 1377 1319 hortemur
1403 1267 1431 1317 iu
1459 1268 1516 1318 filio
1537 1269 1582 1318 dai

391 1356 479 1420 petiis,
498 1354 616 1418 quatinus
634 1354 667 1404 ob
685 1353 798 1403 diuinam
816 1354 970 1404 et‘eiusdem
988 1356 1056 1406 sedis
1079 1356 1255 1415 reuerentiam,
1273 1353 1391 1405 sollerter
1415 1353 1581 1403 considerans

392 1447 488 1491 statum
504 1420 694 1504 dispe'ndiosum
711 1446 738 1488 et
754 1438 923 1489 miserabilem
941 1440 1007 1490 dieta
1024 1447 1090 1490 terre
1108 1440 1205 1504 sibique
1232 1440 1390 1504 compatiens
1414 1451 1449 1487 ux
1477 1437 1581 1500 adsum,

392 1526 424 1575 de
441 1524 513 1589 regia
528 1524 687 1588 benignitate
702 1524 844 1588 permittas,
861 1532 891 1575 ut
908 1526 940 1574 de
956 1540 1036 1589 regno
1053 1528 1110 1591 ipso
1128 1526 1244 1590 predicta
1265 1524 1364 1574 decimu
1389 1522 1470 1573 libere
1496 1531 1582 1574 extra·

392 1610 475 1670 iretur,
493 1608 652 1673 disponenda
668 1616 746 1673 prout
762 1610 817 1658 sedi
832 1610 953 1660 iemdiote
977 1610 1106 1661 uidebitur
1132 1612 1159 1660 in
1188 1616 1255 1659 terre
1280 1608 1420 1660 subsidium
1446 1609 1580 1673 prelibata,

392 1693 429 1744 sis
446 1700 555 1758 promte,
565 1708 596 1743 ec
613 1692 751 1744 efficaciter
768 1702 794 1743 te
811 1694 837 1743 in
854 1694 1000 1745 huiusmodi
1018 1696 1121 1760 negotio
1138 1696 1279 1757 bobienses,
1297 1703 1326 1745 ut
1341 1692 1467 1759 premium
1488 1696 1580 1745 exinde

392 1779 438 1829 tibi
456 1794 489 1828 ex
507 1778 561 1829 alto
578 1780 721 1841 proueniat,
739 1787 764 1827 et
780 1786 866 1842 preter
883 1778 967 1829 laudis
983 1781 1094 1831 humana
1112 1783 1259 1846 preconium
1276 1781 1344 1831 sadis
1361 1779 1474 1845 predicte
1498 1782 1580 1844 gratis

392 1863 460 1912 ciros
478 1870 503 1912 ts
520 1876 573 1911 nou
590 1863 694 1927 indigne
712 1863 835 1927 suscipiet
850 1856 1043 1915 incrementum.
1089 1866 1188 1915 Datum
1208 1867 1291 1917 Rome
1312 1866 1381 1931 apud
1399 1872 1517 1915 muctam
1534 1865 1579 1917 Ss-

392 1948 479 1998 binum
495 1961 576 1998 nonas
594 1947 711 2012 Januarij
730 1948 895 2014 pontificatus
912 1952 994 1999 nostri
1010 1964 1080 2000 enno
1097 1951 1186 2015 primo.

734 2032 801 2078 (sset.
816 2032 858 2071 Vst
874 2033 921 2080 neg.
936 2035 1004 2073 donor.
1018 2029 1049 2073 ili.
1063 2044 1095 2072 sn.
1109 2034 1123 2072 Ι.
1137 2043 1169 2083 sp.
1183 2030 1236 2077 tibi.

711 2217 723 2240 ”
753 2256 802 2316 44.
845 2258 939 2320 mee.
982 2259 1060 2317 eree
1081 2258 1222 2318 reisue.

462 2365 592 2424 Honorius
610 2373 743 2437 episcopus
762 2387 782 2421 s.
801 2388 822 2423 s.
842 2374 865 2424 d.
884 2375 978 2426 diiecto
996 2374 1050 2424 iiiie
1066 2371 1201 2437 Vguitioni
1214 2372 1328 2439 plebano
1344 2373 1426 2439 piebis
1440 2373 1581 2428 deOestsl·

393 2455 465 2507 lione
481 2456 590 2509 Aretine
606 2459 724 2521 diocesis,
742 2459 876 2524 capellano
894 2467 992 2522 nostro,
1007 2458 1139 2509 collectori
1157 2460 1253 2509 decime
1271 2466 1338 2509 terra
1355 2465 1444 2510 sancta
1461 2447 1581 2512 concessa

394 2541 517 2604 subsidio,
535 2544 688 2595 auctoritate
705 2544 847 2608 apostolica
864 2545 1116 2611 deputato,sslutem
1134 2546 1177 2596 dec.
1214 2544 1283 2597 Olim
1291 2544 1334 2596 iel.
1347 2546 1445 2595 record.
1454 2545 1580 2597 Martinus

393 2641 461 2692 papa
478 2628 532 2692 iii.j.
551 2630 715 2693 predecessor
731 2636 820 2680 noster
835 2631 868 2682 de
884 2630 1039 2682 discretione
1055 2630 1209 2690 uenerabilis
1221 2629 1306 2680 fratris
1318 2631 1401 2680 nostri
1418 2665 1425 2678 .
1444 2666 1450 2679 .
1469 2631 1581 2697 episcopi

385 2711 541 2764 'Arusisusis
559 2729 649 2778 gerens
666 2714 786 2766 fiduciam
803 2714 948 2780 specialem,
967 2715 1144 2767 collectionem
1163 2715 1260 2766 decime
1278 2722 1304 2765 et
1322 2715 1430 2766 aliarum
1447 2716 1582 2768 obuantio-

393 2812 455 2851 uum
472 2798 653 2865 deputaturum
670 2808 736 2852 terre
752 2806 841 2853 sancte
858 2799 972 2853 subsidio
989 2799 1016 2851 in
1032 2800 1110 2852 Datis
1128 2806 1155 2851 at
1171 2798 1361 2874 Suetie'regni's
1379 2799 1427 2851 sibi
1451 2816 1498 2869 per
1524 2818 1582 2854 suas

394 2882 441 2934 sub
459 2892 529 2936 certa
545 2885 628 2937 forma
651 2887 726 2937 duxit
752 2886 851 2938 litteras
881 2887 1095 2937 committendum.
1143 2885 1209 2938 Gom
1238 2893 1325 2936 autem
1352 2899 1399 2936 nos
1424 2887 1452 2936 in
1476 2889 1583 2953 negotio

393 2966 539 3020 huiusmodi
556 2971 653 3022 decime
671 2979 697 3022 ct
714 2973 895 3023 obuentienum
914 2972 939 3021 in
956 2971 1052 3022 eisdem
1074 2971 1159 3036 regnis
1182 2956 1384 3036 colligendarum
1410 2976 1450 3043 te]
1462 2972 1583 3040 episcopo

394 3052 495 3118 prefato
513 3057 667 3107 auctoritate
684 3057 830 3123 apostolica
846 3057 1022 3120 subrogantes,
1039 3071 1085 3120 per
1101 3064 1203 3107 nostras
1220 3056 1266 3107 tibi
1290 3055 1405 3107 dedimus
1430 3056 1532 3109 litteras
1557 3061 1584 3110 in

392 3139 528 3200 mandatis,
546 3148 575 3191 ut
592 3142 629 3195 ad
642 3148 728 3205 partes
745 3156 884 3207 regnorum
901 3142 1014 3203 ipsorum
1032 3149 1057 3190 te
1079 3143 1249 3206 personaliter
1273 3140 1406 3212 conferens
1434 3141 1463 3191 in
1491 3145 1585 3196 eodem
1616 3134 1618 3136 ’

394 3224 499 3287 negotio
516 3225 591 3276 iuxta
609 3234 724 3277 tenorem
740 3228 884 3278 litterarum
901 3227 962 3276 dicti
980 3227 1167 3290 predecessoris
1185 3243 1262 3294 super
1276 3220 1327 3294 hoc
1352 3226 1434 3277 eidem
1460 3227 1584 3295 episcopo

395 3309 547 3359 directarum
565 3313 702 3376 procedere
720 3314 823 3363 studeas
837 3313 980 3376 diiigenter,
991 3313 1024 3362 sd
1033 3313 1225 3363 instructionem
1234 3319 1306 3365 tuam
1315 3308 1428 3363 tenorem
1436 3311 1585 3364 litterarum

393 3392 506 3457 ipserum
524 3397 556 3444 de
573 3403 688 3458 segestro
706 3397 820 3448 eiusdem
837 3398 1025 3462 predecessoris
1043 3398 1123 3448 nostri
1140 3406 1268 3463 sumptum
1287 3399 1318 3448 dc
1335 3397 1413 3448 uerbo
1429 3398 1463 3449 ad
1475 3399 1586 3449 uerbum

393 3478 553 3540 presentibus
571 3473 675 3533 fecimus
694 3484 817 3545 annotari,
826 3483 868 3547 qui
886 3483 946 3532 telis
963 3482 1187 3533 est-Martinus
1205 3484 1340 3548 episcopus
1358 3490 1407 3533 etc.
1425 3479 1494 3540 (Her
1500 3482 1586 3548 felqer

394 3558 488 3611 Breues
505 3560 554 3613 No.
573 3562 621 3627 30,
639 3567 674 3631 ef
686 3565 738 3617 Iste
759 3564 860 3619 October
876 3565 969 3626 1282).
981 3592 1012 3600 -
1025 3568 1124 3619 Datum
1141 3569 1223 3618 Rome
1241 3568 1310 3632 apud
1327 3573 1443 3618 sanctam
1460 3565 1588 3620 Sabinum

396 3645 440 3710 dij.
459 3647 511 3697 kal.
529 3646 616 3713 Martij
635 3659 707 3716 pout.
725 3655 808 3705 uestri
824 3668 890 3703 enno
908 3654 997 3718 primo.
1309 3713 1311 3717 .

743 3734 808 3782 ltreh.
822 3736 864 3777 Vst.
877 3736 924 3784 neg.
938 3737 1007 3777 boner.
1021 3737 1050 3777 lv.
1065 3748 1096 3775 sn.
1112 3736 1125 3777 i.
1140 3747 1169 3786 ep.
1183 3732 1237 3797 ilbi).

772 3960 820 4020 45.
868 3962 958 4052 1290.
1004 3962 1060 4020 lde
1082 3961 1209 4049 August.

460 4075 585 4128 Nicoleus
603 4075 737 4142 episcopus
760 4093 780 4128 s.
805 4092 824 4127 s.
847 4079 870 4128 d.
898 4076 1036 4128 venerabili
1062 4075 1135 4126 fratri
1159 4113 1165 4125 .
1192 4113 1199 4125 .
1229 4075 1422 4142 archiepiscopo
1448 4076 1591 4141 Bremeirsi

393 4160 546 4212 salutemet
572 4163 740 4226 apostolicam
765 4163 978 4214 benedictionem.
1020 4162 1065 4211 Ex
1092 4170 1164 4227 parte
1189 4161 1341 4212 dilectorum
1365 4161 1477 4212 tiliorum
1506 4162 1590 4214 Bindi

393 4245 482 4309 Mactij
502 4249 533 4298 de
551 4246 651 4298 'rhome
669 4247 788 4313 Spilliati‚
806 4256 833 4299 ct
848 4248 914 4313 Lapi
931 4247 1051 4311 Hugonis
1068 4242 1154 4311 Spiue,
1173 4262 1204 4296 ec
1220 4245 1350 4310 Ambrosij
1370 4245 1465 4296 Juncte
1482 4247 1517 4298 dc
1539 4248 1591 4317 ΑΙ·ι

393 4329 511 4381 sanorum
528 4332 693 4382 societatibus
711 4333 805 4384 ciuium
823 4341 849 4384 et
864 4341 1035 4384 mercatorum
1043 4333 1259 4393 Florentinorum,
1276 4330 1325 4381 fuit
1341 4330 1486 4395 expositum
1495 4345 1590 4384 coram

393 4415 561 4481 nobis-quod
579 4431 636 4466 cum
654 4418 702 4483 ipsi
720 4420 816 4469 dudum
833 4420 961 4485 quondam
978 4418 1129 4468 Menninum
1137 4418 1251 4468 Bourote
1265 4415 1590 4476 etGutium‘Petrieorum

394 4501 478 4551 socios
508 4511 534 4551 et
560 4505 680 4552 concines
709 4518 755 4568 pro
781 4506 926 4569 recipienda
951 4504 1059 4566 pecunia
1086 4503 1181 4552 decime
1207 4510 1272 4552 terre
1298 4506 1386 4550 sancte
1403 4516 1419 4550 a
1437 4535 1443 4548 .
1463 4536 1469 4548 .
1488 4501 1590 4553 collec-

394 4593 449 4636 tore
467 4587 547 4651 ipsius
566 4588 662 4637 decime
679 4589 707 4638 iu
723 4587 846 4652 Norweye
864 4588 980 4654 pertibus
1006 4604 1051 4654 per
1076 4588 1162 4637 sedem
1189 4586 1358 4650 apostolicam
1386 4585 1521 4649 deputato,
1553 4589 1590 4638 ed

297 4717 299 4720 Α
393 4666 481 4735 partes
495 4671 565 4736 ipsas
583 4671 718 4734 misissent,
737 4687 766 4722 ac
783 4672 862 4736 ijdern
878 4671 1018 4723 Menninus
1035 4679 1062 4722 et
1078 4669 1170 4722 Gutius
1195 4686 1254 4720 cum
1279 4685 1332 4720 non
1356 4669 1458 4719 modica
1482 4683 1590 4722 summa

393 4757 509 4820 pecunie,
525 4749 655 4834 ¹quamde
673 4757 741 4807 dicta
758 4758 856 4808 decima
873 4759 906 4809 ab
933 4758 1023 4807 eodem
1049 4756 1187 4806 collectore
1213 4761 1368 4821 receperant,
1397 4768 1427 4804 ac
1453 4755 1588 4839 nonnullis

393 4841 519 4890 mercibus
538 4855 600 4904 quas
616 4855 704 4908 secum
722 4839 836 4892 ferebant
853 4857 911 4892 curn
928 4843 1039 4904 quadem
1057 4842 1117 4891 usui
1133 4855 1180 4905 per
1195 4854 1266 4890 mere
1283 4841 1410 4906 cepissent
1423 4852 1515 4889 uersus
1526 4854 1588 4904 par-
