3584 5625
395 499 406 520 ⁵
897 492 957 556 1⁸4

394 587 429 658 ,(’ῤ

336 673 407 745 Hac
433 673 590 745 beneficia
620 686 821 744 vacanernnt
853 678 882 742 in
910 676 1043 743 ciuitate
1068 673 1237 744 etdioccsi
1252 670 1527 744 Orchadensibus

336 792 420 863 infra
448 792 628 886 predictum
656 793 823 863 Biennium
854 815 918 885 quc
944 789 1114 861 solaernnt
1147 792 1271 862 fructus
1310 793 1405 887 primi
1447 794 1526 861 anni

825 919 858 976 vt
885 912 1031 1003 sequitur

883 1085 975 1141 pnmo

336 1167 489 1226 Probanda
512 1167 548 1225 de
570 1166 749 1243 *Stonsap.
794 1209 801 1220 .
847 1209 854 1221 .
900 1210 907 1221 .
952 1165 1110 1239 .vj.1narc.
1134 1166 1529 1243 erg.pondarisN0ricani.

336 1268 457 1330 Vinaria
480 1269 515 1325 de
537 1259 696 1344 *Stronsap
746 1310 753 1324 .
798 1310 804 1321 .
851 1310 857 1323 .
905 1312 911 1322 .
956 1287 994 1325 .v.
1016 1286 1103 1325 marc.
1126 1287 1186 1342 arg.
1208 1269 1336 1326 eiusdem
1358 1268 1505 1344 ponderis.

336 1370 474 1430 Ecclesia
493 1371 529 1428 de
550 1370 685 1446 Vaestray
746 1412 963 1426 .....
966 1377 1016 1426 xv'.
1034 1369 1085 1427 sol.
1109 1369 1322 1444 sterlingorum.¹

337 1470 471 1530 Ecclesia
491 1471 527 1529 de
548 1472 646 1547 Hay.
693 1514 699 1528 .
747 1514 752 1527 .
799 1514 804 1526 .
851 1513 856 1526 .
903 1516 909 1529 .
955 1471 982 1546 .j.
1005 1491 1092 1531 marc.
1115 1490 1177 1547 arg.
1201 1470 1336 1547 ponderis
1358 1469 1493 1545 predicti.

337 1572 491 1631 Probanda
514 1573 549 1630 de
572 1572 710 1633 Sandwik
745 1616 752 1628 .
798 1615 805 1627 .
955 1572 1002 1647 iij.
1024 1572 1088 1630 libr.
1110 1592 1176 1631 cum
1199 1572 1265 1647 .viij.
1288 1572 1340 1630 sol.
1362 1571 1495 1648 sterling.
1535 1630 1539 1636 ,

338 1672 473 1731 Ecclesia
491 1674 527 1731 de
547 1663 678 1750 Dyrsnes
744 1716 963 1731 .....
966 1672 1034 1747 xxvj
1056 1672 1107 1731 sol.
1133 1693 1198 1731 cum
1221 1672 1288 1748 xiij.
1311 1674 1376 1732 dan.
1398 1674 1529 1750 sterling.

337 1774 617 1853 Prehendaecclasie
625 1785 723 1834 sancta
732 1775 834 1836 Crucis
846 1775 881 1833 da
889 1776 933 1833 Ba
955 1774 1001 1850 iij.
1023 1774 1089 1831 libr.
1114 1795 1179 1833 cum
1202 1773 1260 1849 .xij.
1281 1774 1332 1832 sol.
1355 1774 1486 1850 sterling.

338 1875 472 1935 Ecclesia
493 1877 528 1933 da
551 1876 636 1937 Orien
699 1919 969 1935 ......
971 1896 1022 1934 xx.
1044 1875 1096 1935 sol.
1118 1877 1244 1953 sterling.

339 1978 492 2037 Probanda
513 1979 562 2037 dni
584 1977 706 2037 Rikardi
754 2021 760 2035 .
806 2022 812 2035 .
858 2022 865 2036 .
912 2021 918 2035 .
965 1977 1073 2053 xxxvj.
1095 1979 1147 2039 sol.
1169 1978 1297 2054 sterling.

341 2400 416 2471 Hae
439 2399 602 2471 Beneficia
630 2410 831 2471 uacauerunt
858 2402 889 2470 in
918 2402 1049 2470 ciuitate
1075 2410 1108 2470 et
1139 2400 1265 2471 diocesi
1297 2398 1529 2491 Bergensibns

342 2517 426 2589 inira
453 2517 633 2614 pradictum
661 2519 830 2590 Biennium
858 2540 922 2613 que
948 2518 1117 2590 salnerunt
1149 2519 1274 2589 fractus
1313 2520 1410 2613 primi
1450 2521 1528 2589 anni

822 2647 860 2708 vl
886 2640 1041 2729 sequitur.

342 2808 476 2870 Ecclesia
497 2810 534 2869 da
555 2809 635 2886 Augi
670 2854 676 2867 .
722 2854 729 2867 .
778 2855 785 2869 .
831 2854 837 2868 .
883 2855 889 2868 .
935 2809 993 2886 .xlj.
1015 2831 1103 2871 marc.
1125 2820 1155 2870 at
1174 2799 1229 2888 .viJ‘.
1251 2832 1294 2870 or.
1318 2830 1384 2870 cum
1409 2810 1529 2870 dimidia

532 2960 536 2967 .
986 2913 1176 2971 denariorum.

342 3011 465 3088 Capella
487 3014 522 3071 de
544 3015 721 3073 Harstodnm
783 3058 790 3071 .
836 3059 842 3071 .
887 3059 895 3072 .
940 3015 996 3089 .vij.
1020 3034 1106 3073 marc.
1129 3034 1194 3074 eum
1217 3013 1288 3071 dim!
1311 3016 1374 3073 dan.

343 3113 476 3173 Ecclesia
497 3115 532 3172 de
553 3116 627 3174 Nios
678 3159 946 3174 ......
948 3135 1175 3175 samaraeum
1189 3116 1305 3174 dimidia
1317 3127 1344 3174 et
1357 3115 1392 3188 ij.
1406 3135 1448 3174 or.
1462 3117 1529 3174 dan.
1584 3135 1586 3138 ⁴

343 3214 475 3275 Ecclesia
494 3217 530 3274 de
552 3216 712 3274 Lidalande
734 3228 763 3276 at
782 3217 887 3294 Sundy
940 3216 1007 3292 .xvj.
1031 3236 1118 3275 marc.
1140 3237 1206 3276 cum
1228 3218 1299 3276 dim!
1321 3219 1386 3276 dan.

344 3316 475 3376 Ecclesia
498 3319 534 3376 de
554 3318 756 3395 Hyllestoclum
779 3331 807 3376 et
827 3321 895 3377 An.
941 3339 998 3377 .xx.
1020 3337 1109 3376 marc.
1130 3317 1168 3394 vj.
1190 3339 1229 3377 or.
1249 3329 1278 3377 et
1298 3320 1365 3378 dim.
1391 3319 1444 3379 sol.
1464 3319 1532 3379 dan.

343 3417 473 3478 Ecclesia
494 3420 530 3478 da
553 3421 653 3497 Lygru
675 3431 703 3478 et
725 3421 842 3480 Lindias
887 3466 893 3478 .
939 3438 994 3477 .xv.
1018 3440 1104 3478 marc.
1128 3440 1193 3479 cum
1216 3421 1287 3478 dim'.
1308 3422 1372 3479 den.

343 3517 465 3595 Capella
486 3522 521 3578 de
544 3523 630 3598 Hope
680 3566 686 3579 .
732 3566 738 3579 .
784 3567 790 3581 .
836 3567 843 3581 .
888 3567 895 3581 .
941 3522 1009 3597 .xiij.
1033 3540 1121 3579 marc.
1145 3522 1335 3580 denariorum.

344 3619 477 3678 Ecclesia
499 3623 535 3681 de
559 3623 660 3684 Stadia
731 3667 737 3680 .
784 3668 790 3681 .
837 3667 843 3679 .
889 3667 896 3681 .
942 3643 1020 3681 .xxx.
1044 3643 1130 3682 marc.
1153 3643 1218 3682 cnm
1239 3624 1310 3681 dim!
1333 3624 1396 3682 den.

342 3720 477 3781 Ecclesia
499 3725 535 3781 de
554 3725 737 3784 Kinsarwik.
784 3769 791 3784 .
836 3768 843 3782 .
888 3768 895 3782 .
941 3723 1050 3800 .xxxiij.
1072 3744 1159 3784 marc.
1184 3744 1248 3783 cum
1270 3726 1341 3783 dim'.
1363 3720 1460 3784 (len.¹

220 3904 223 3911 ὁ
345 3821 466 3899 Capella
488 3825 523 3883 da
546 3825 649 3902 Obirgi
680 3870 949 3884 ......
952 3826 999 3901 xij.
1023 3845 1110 3886 mitre.
1135 3846 1200 3885 cum
1223 3827 1294 3884 dim!
1317 3828 1381 3885 den.
1423 3826 1425 3832 ’

344 3924 477 3985 Ecclesia
498 3927 534 3984 de
547 3926 666 3986 Guddal
689 3938 717 3987 et
737 3929 865 3989 Sandum
890 3971 896 3984 .
944 3946 1000 3984 .xv.
1022 3947 1110 3985 marc.
1131 3948 1197 3986 cum
1220 3928 1290 3986 dim!
1312 3929 1376 3986 den.

343 4027 479 4086 Ecclesia
501 4029 538 4085 de
560 4029 641 4086 Findi
786 4072 793 4085 .
838 4071 845 4085 .
891 4072 896 4086 .
944 4049 1001 4086 .xx.
1025 4049 1113 4088 marc.
1137 4029 1329 4087 denariorum.

344 4127 479 4187 Ecclesia
501 4130 537 4186 da
560 4129 738 4189 Gasaland.
784 4174 790 4188 .
837 4173 843 4187 .
889 4174 896 4188 .
942 4151 979 4187 .x.
1001 4149 1090 4187 marc.
1115 4141 1142 4187 at
1164 4130 1200 4205 ij.
1222 4150 1263 4188 or.
1286 4132 1349 4189 den.

345 4228 478 4288 Ecclesia
500 4231 535 4288 da
557 4232 684 4290 *Pusum
734 4276 741 4290 .
786 4277 793 4291 .
839 4275 846 4288 .
891 4275 898 4288 .
943 4231 989 4305 .xj.
1014 4251 1098 4289 marc.
1122 4241 1151 4289 et
1172 4230 1197 4305 .j.
1220 4251 1261 4289 or.
1284 4252 1348 4291 cum
1371 4233 1444 4291 dim!
1466 4233 1535 4293 den.

241 4362 244 4367 ·
344 4330 478 4389 Ecclesia
501 4334 537 4390 de
558 4331 723 4392 Onarheimi
786 4377 792 4391 .
838 4375 846 4389 .
891 4375 898 4390 .
943 4333 1000 4407 aij.
1023 4352 1110 4389 marc.
1135 4333 1326 4391 denariorum.

254 4424 256 4431 ’
344 4431 478 4491 Ecclesia
499 4435 534 4490 de
556 4434 667 4493 Mostar
732 4479 738 4491 .
784 4479 790 4491 .
837 4478 844 4491 .
890 4479 896 4490 .
943 4433 1020 4509 .xvij.
1040 4454 1124 4492 marc.
1150 4454 1215 4492 cum
1237 4435 1274 4509 vj.
1293 4455 1334 4493 or.
1354 4435 1421 4493 den.

343 4533 495 4592 Prabenda
518 4535 566 4592 dni
589 4536 739 4593 Barderi.
784 4580 792 4594 .
838 4579 844 4593 .
890 4579 898 4593 .
944 4535 989 4610 .vj.
1014 4556 1101 4593 marc.
1124 4555 1189 4593 cum
1212 4555 1247 4593 .v.
1272 4556 1311 4594 or.
1336 4539 1401 4595 den.

343 4633 496 4693 Prebenda
517 4636 567 4693 dni
589 4637 691 4695 Erici.
735 4682 741 4695 .
787 4680 794 4695 .
839 4681 846 4692 .
892 4682 898 4693 .
944 4635 1012 4710 .viij.
1034 4655 1122 4693 marc.
1145 4637 1340 4696 denariorum.

344 4734 477 4795 Ecclesia
496 4737 531 4795 de
546 4738 740 4815 *Risnapyrdi
755 4750 782 4796 et
800 4740 907 4796 Lamb-

429 4836 527 4896 uilnnn
582 4881 588 4894 .
634 4881 641 4895 .
687 4882 694 4894 .
740 4881 746 4894 .
793 4882 799 4896 .
846 4881 852 4894 .
899 4881 905 4894 .
952 4837 1039 4913 .xviij.
1062 4856 1150 4897 marc.
1172 4856 1238 4896 cum
1260 4838 1305 4912 .vj.
1324 4858 1365 4897 or.
1388 4839 1455 4899 den.
