3584 5625
942 479 999 543 tto

460 668 535 727 Item
557 669 624 727 dedi
645 668 808 744 corratarijs
830 668 879 745 qui
913 680 1144 745 procurauerunt
1176 668 1245 727 mihi
1277 669 1422 729 cambium
1452 669 1570 746 argenti
1624 679 1626 688 '

379 778 407 826 et
427 789 481 845 pro
502 772 630 847 pondere
656 798 688 808 -
715 769 769 845 .vij.
793 771 845 828 sol.
867 780 895 828 et
918 770 987 846 .viij.
1011 774 1075 830 den.
1097 790 1188 847 gross.
1212 771 1436 831 Turonensium.

462 872 536 929 Item
557 873 631 930 solui
652 891 705 948 pro
727 872 840 931 duabus
863 872 987 947 camisijs
1009 883 1101 951 etpro
1115 873 1184 955 iiijtr
1200 873 1329 950 corrigijs
1341 874 1378 932 ad
1390 872 1571 950 portandum

377 972 518 1046 pecunias
549 1003 572 1010 -
596 973 672 1048 '.xvj.
694 991 783 1048 gross.
804 974 1000 1033 Turonenses.

461 1072 532 1130 Item
555 1073 628 1132 solui
650 1094 703 1151 pro
727 1074 840 1133 cambio
862 1074 908 1151 .ij¹?
926 1075 1079 1152 Regelium
1102 1076 1137 1133 de
1161 1084 1334 1152 pagamento
1354 1094 1408 1152 pro
1431 1075 1498 1150 alijs
1518 1074 1569 1150 ij!

376 1173 529 1249 Regelium
551 1176 586 1233 de
606 1177 733 1252 pondere
756 1178 960 1235 commutando
986 1205 1019 1214 -
1044 1177 1152 1254 .xxxiij.
1164 1177 1216 1237 sol.
1228 1196 1295 1235 cum
1307 1176 1379 1252 .iiij⁰.'
1393 1177 1457 1235 den.
1473 1195 1570 1253 grass.

377 1274 598 1335 Turonensium.
620 1277 754 1336 videlicet
781 1296 834 1354 pro
863 1278 993 1354 quolibet
1023 1279 1198 1352 centenario,
1232 1298 1290 1336 .xx.
1319 1296 1411 1354 gross.
1444 1278 1567 1336 Turon-

377 1372 491 1434 enses¹.

287 1491 376 1533 tusca.
462 1472 551 1535 2Item
573 1477 647 1537 solui
670 1479 775 1556 hospiti
797 1499 861 1537 meo
884 1480 991 1556 Brugis
1014 1481 1043 1537 in
1065 1481 1204 1539 Flandria
1226 1500 1278 1556 pro
1301 1479 1435 1555 expensis
1455 1479 1569 1539 Jacobi

375 1578 488 1655 Notarij
512 1579 566 1636 mei
589 1580 638 1656 qui
661 1580 744 1637 duxit
764 1582 903 1657 pecunias
924 1592 953 1640 et
974 1593 1124 1659 argeutum
1147 1592 1176 1641 et
1204 1581 1276 1641 elias
1307 1600 1353 1640 res
1386 1581 1436 1639 dni
1474 1582 1569 1640 nostri

375 1699 451 1756 pape
473 1681 509 1739 de
530 1681 689 1757 Noruvegia
709 1684 746 1741 ad
766 1684 934 1741 Flendriam
967 1695 995 1743 et
1023 1683 1076 1742 luit
1107 1684 1146 1742 ibi
1177 1704 1229 1761 per
1262 1682 1328 1757 .viij.
1361 1701 1476 1741 menses
1511 1669 1568 1760 pro

373 1783 578 1858 recuperandis
597 1784 700 1842 debitis
720 1804 772 1843 seu
793 1785 923 1861 pecunijs
951 1786 1102 1862 assignatis
1133 1784 1344 1844 Mercatoribus
1371 1812 1402 1822 -
1430 1784 1477 1842 .xl.
1500 1785 1559 1844 sol.

375 1900 465 1958 groes.
489 1884 709 1944 Turonensium.
1251 1860 1256 1876 ι

459 1981 547 2045 ³Item
569 1987 642 2046 solui
664 2008 718 2065 pro
740 1989 851 2048 medico
873 1997 902 2047 et
923 1989 986 2064 alijs
1007 1988 1193 2063 neccessarijs
1214 1989 1274 2047 suis
1295 1987 1363 2046 dicti
1387 1988 1487 2047 clerici
1511 1989 1566 2065 qui

375 2106 428 2163 per
449 2088 496 2163 iij.
520 2090 695 2165 septimanas
716 2092 854 2149 decubuit
875 2093 1004 2150 infirmus
1023 2092 1052 2150 in
1074 2091 1214 2149 Flandria
1236 2100 1265 2149 et
1286 2109 1339 2166 pro
1358 2090 1491 2149 uestibus
1504 2091 1569 2149 suis

375 2199 404 2247 et
425 2190 615 2249 calciamento
637 2202 665 2250 et
687 2192 861 2270 quibusdam
882 2194 946 2270 alijs
959 2193 1092 2269 expensis
1103 2191 1285 2251 Nunciorum
1297 2212 1350 2268 per
1360 2210 1436 2269 quos
1446 2192 1569 2269 scripsit

375 2292 444 2349 mihi
465 2294 562 2370 sepius
583 2312 734 2353 successus
755 2315 823 2355 suos
851 2326 881 2335 -
907 2318 985 2356 ,xxm
1008 2294 1060 2353 sol.
1081 2312 1173 2369 gross.
1195 2293 1419 2353 Turonensium.

458 2394 532 2452 Item
555 2395 616 2452 misi
643 2396 807 2454 Johennem
840 2399 977 2457 clericum
1010 2411 1038 2458 et
1069 2398 1224 2458 Notarium
1256 2414 1352 2453 meum
1387 2394 1425 2452 ed
1457 2403 1570 2453 terram

374 2495 461 2554 «lucie
483 2515 539 2571 que
561 2506 693 2572 estpars
714 2498 807 2573 Regni
829 2500 923 2559 Decio
943 2502 992 2559 ubi
1020 2511 1087 2559 sunt
1110 2520 1145 2557 .v.
1168 2499 1363 2574 Episcopatus
1394 2496 1423 2554 iu
1458 2496 1571 2572 quibus

375 2597 579 2656 constitueram
602 2599 771 2658 collectores
792 2620 845 2676 pro
867 2601 1036 2677 colligendis
1057 2601 1178 2660 residuis
1200 2598 1311 2658 decime
1322 2597 1496 2656 sexannalis.
1516 2599 1571 2674 qui

274 2734 277 2742 ·
374 2698 495 2757 clericus
516 2718 649 2759 reuersus
671 2711 700 2759 et
721 2701 812 2758 multa
833 2703 958 2761 aduersa
979 2723 1081 2779 passus
1108 2704 1139 2760 in
1169 2701 1217 2759 via
1250 2699 1322 2757 dixit
1353 2698 1442 2757 nichil
1473 2698 1570 2759 fuisse

374 2799 526 2860 collectum
559 2802 596 2860 de
617 2802 701 2862 dictis
733 2803 854 2863 residuis
888 2815 1008 2882 propter
1039 2825 1175 2882 guerram
1199 2811 1345 2861 ettamen
1373 2800 1515 2877 expendit
1537 2801 1570 2860 in

373 2901 424 2959 uia
444 2902 495 2960 ille
519 2931 553 2940 -
579 2923 634 2962 .xv.
655 2906 707 2966 sol
730 2916 758 2963 et
780 2905 848 2981 .viij.
871 2908 936 2965 den.
955 2927 1048 2983 gross.
1070 2905 1293 2965 Turonensium.

458 3005 533 3063 Item
551 3007 729 3083 recuperatis
751 3009 842 3066 tribus
864 3010 945 3085 equis
968 3009 1004 3066 de
1025 3009 1096 3085 ‚iiijr
1111 3010 1179 3067 meis
1201 3026 1275 3083 quos
1292 3005 1470 3065 abstulerant
1492 3005 1568 3064 mihi

374 3114 475 3182 gentes
496 3105 616 3166 Comitis
639 3107 765 3168 Gererdi
786 3109 822 3165 de
841 3110 992 3168 Holtsacie
1014 3109 1108 3168 dictus
1128 3110 1279 3169 Johannes
1301 3107 1425 3167 clericus
1436 3117 1466 3166 et
1476 3107 1564 3166 Hen·
1626 3141 1629 3144 ⁴

375 3207 506 3266 nichinus
526 3207 653 3267 famulus
680 3210 737 3268 mei
769 3209 981 3285 nauigauerunt
1007 3210 1037 3268 in
1068 3211 1237 3269 Flandriam
1269 3219 1297 3267 et
1329 3208 1480 3268 soluerunt
1509 3229 1568 3285 pro

375 3309 463 3367 naulo
486 3336 526 3347 -
549 3309 598 3367 ix.
621 3310 673 3371 sol.
696 3329 761 3368 cum
785 3311 903 3369 dimidio
924 3332 1017 3389 gross.
1039 3310 1262 3371 Turonensium.

459 3412 532 3469 Item
555 3411 620 3469 dedi
643 3412 756 3470 duobus
778 3411 890 3470 lemuiis
913 3414 1032 3489 hospitis
1053 3415 1110 3472 mei
1140 3413 1298 3489 Brugensis
1331 3411 1381 3488 qui
1414 3411 1568 3470 duxerunt

375 3534 421 3572 me
442 3532 535 3590 usque
556 3513 593 3570 ad
614 3512 748 3572 Jnsulam
772 3523 855 3571 extra
875 3515 1043 3574 Flandriam
1072 3543 1103 3551 -
1133 3513 1169 3589 ij.
1190 3513 1316 3588 Regales
1348 3512 1411 3569 auri
1444 3521 1474 3570 et
1506 3522 1607 3600 pro'l

376 3616 509 3692 expensis
530 3615 589 3673 suis
612 3623 640 3672 ct
661 3634 801 3692 equorum
818 3634 935 3674 suorum
948 3618 1043 3675 eundo
1055 3625 1083 3673 et
1093 3616 1241 3673 redeundo
1252 3613 1350 3687 —-.iij.
1360 3614 1459 3672 floren.
1471 3609 1566 3672 aurit
1600 3603 1602 3607 ⁵

445 3845 455 3876 1
473 3850 505 3899 ΗΙ
518 3857 537 3902 t·
552 3842 615 3912 [ap]
635 3848 740 3899 summa
756 3849 831 3900 huius
849 3782 1160 3915 paginel‘llbrllelils'iufflll
1173 3782 1222 3833 sol.
1241 3788 1328 3843 otuu·
1338 3780 1395 3829 den.
1405 3778 1567 3844 grose.Tur-

950 3882 1002 3973 lx.
1021 3919 1143 3982 sterlingi.

443 3998 527 4052 ²Her
553 4019 580 4052 er
605 4000 613 4047 i
639 4000 747 4065 Margen
770 4005 827 4053 med
851 4020 883 4054 en
901 4008 983 4056 auden
1000 4005 1093 4055 Haand
1111 4002 1216 4066 tilfojet:
1243 3993 1378 4065 „auende.“
1414 3993 1565 4063 ³Ligasaa.

969 4090 1036 4153 .ἰίἰῇ1,1
1048 4089 1104 4138 libr.
1128 4104 1171 4137 xv.
1195 4087 1242 4136 eol.
1268 4092 1295 4136 et
1323 4084 1359 4148 ‚ij.
1387 4085 1444 4134 den.
1475 4099 1565 4149 groes.

1001 4157 1195 4208 Turonensium.

443 4186 455 4218 ⁴
474 4191 507 4240 H·
520 4199 538 4240 1·
553 4186 615 4256 [ap]
634 4192 830 4244 8111111111111
849 4193 941 4257 lagine
969 4227 1003 4289 ,ij.
1021 4227 1131 4289 Regales
1149 4225 1212 4273 auri.

969 4294 1013 4357 iij.
1032 4294 1121 4343 floreni
1139 4292 1202 4341 auri.
