<?xml version="1.0" encoding="UTF-8"?>
<!DOCTYPE html PUBLIC "-//W3C//DTD XHTML 1.0 Transitional//EN"
    "http://www.w3.org/TR/xhtml1/DTD/xhtml1-transitional.dtd">
<html xmlns="http://www.w3.org/1999/xhtml" xml:lang="en" lang="en">
 <head>
  <title>
</title>
<meta http-equiv="Content-Type" content="text/html;charset=utf-8" />
  <meta name='ocr-system' content='tesseract 3.04.00' />
  <meta name='ocr-capabilities' content='ocr_page ocr_carea ocr_par ocr_line ocrx_word'/>
</head>
<body>
  <div class='ocr_page' id='page_1' title='image "./paveligenuntier00nuncgoog_0182.png"; bbox 0 0 3584 5625; ppageno 0'>
   <div class='ocr_carea' id='block_1_1' title="bbox 957 489 1015 550">
    <p class='ocr_par' dir='ltr' id='par_1_1' title="bbox 957 489 1015 550">
     <span class='ocr_line' id='line_1_1' title="bbox 957 489 1015 550; baseline -0.017 0"><span class='ocrx_word' id='word_1_1' title='bbox 957 489 1015 550; x_wconf 79' lang='lat'>170</span> 
     </span>
    </p>
   </div>
   <div class='ocr_carea' id='block_1_2' title="bbox 391 673 1584 2268">
    <p class='ocr_par' dir='ltr' id='par_1_2' title="bbox 391 673 1584 2268">
     <span class='ocr_line' id='line_1_2' title="bbox 393 673 1583 741; baseline -0.003 -14"><span class='ocrx_word' id='word_1_2' title='bbox 393 675 468 741; x_wconf 88' lang='lat' dir='ltr'>legijs</span> <span class='ocrx_word' id='word_1_3' title='bbox 486 676 653 728; x_wconf 90' lang='lat' dir='ltr'>conuentibus</span> <span class='ocrx_word' id='word_1_4' title='bbox 671 684 698 725; x_wconf 90' lang='lat' dir='ltr'>et</span> <span class='ocrx_word' id='word_1_5' title='bbox 715 675 772 739; x_wconf 76' lang='lat' dir='ltr'>aliJs</span> <span class='ocrx_word' id='word_1_6' title='bbox 789 675 904 741; x_wconf 89' lang='lat' dir='ltr'>personis</span> <span class='ocrx_word' id='word_1_7' title='bbox 921 675 1100 726; x_wconf 87' lang='lat' dir='ltr'>ecelesiasticis</span> <span class='ocrx_word' id='word_1_8' title='bbox 1118 684 1170 725; x_wconf 88' lang='lat' dir='ltr'>tam</span> <span class='ocrx_word' id='word_1_9' title='bbox 1188 675 1343 726; x_wconf 89' lang='lat' dir='ltr'>secularibus</span> <span class='ocrx_word' id='word_1_10' title='bbox 1362 691 1438 739; x_wconf 90' lang='lat' dir='ltr'>quam</span> <span class='ocrx_word' id='word_1_11' title='bbox 1458 673 1583 739; x_wconf 89' lang='lat' dir='ltr'>regulari·</span> 
     </span>
     <span class='ocr_line' id='line_1_3' title="bbox 393 760 1583 827; baseline -0.002 -16"><span class='ocrx_word' id='word_1_12' title='bbox 393 763 448 824; x_wconf 90' lang='lat' dir='ltr'>bus,</span> <span class='ocrx_word' id='word_1_13' title='bbox 466 764 590 827; x_wconf 85' lang='lat' dir='ltr'>exemptis</span> <span class='ocrx_word' id='word_1_14' title='bbox 614 768 639 811; x_wconf 91' lang='lat' dir='ltr'>et</span> <span class='ocrx_word' id='word_1_15' title='bbox 664 777 717 812; x_wconf 92' lang='lat' dir='ltr'>non</span> <span class='ocrx_word' id='word_1_16' title='bbox 742 761 867 826; x_wconf 87' lang='lat' dir='ltr'>exemptis</span> <span class='ocrx_word' id='word_1_17' title='bbox 894 762 1012 812; x_wconf 84' lang='lat' dir='ltr'><strong>ordinum</strong></span> <span class='ocrx_word' id='word_1_18' title='bbox 1038 774 1260 825; x_wconf 84' lang='lat' dir='ltr'>quorumcumque,</span> <span class='ocrx_word' id='word_1_19' title='bbox 1288 762 1421 811; x_wconf 90' lang='lat' dir='ltr'>domorum</span> <span class='ocrx_word' id='word_1_20' title='bbox 1446 760 1583 825; x_wconf 90' lang='lat' dir='ltr'>hospitalis</span> 
     </span>
     <span class='ocr_line' id='line_1_4' title="bbox 393 837 1583 907; baseline -0.003 -9"><span class='ocrx_word' id='word_1_21' title='bbox 393 849 475 898; x_wconf 88' lang='lat' dir='ltr'>sancti</span> <span class='ocrx_word' id='word_1_22' title='bbox 492 845 618 898; x_wconf 87' lang='lat' dir='ltr'>Johannis</span> <span class='ocrx_word' id='word_1_23' title='bbox 641 845 853 897; x_wconf 76' lang='lat' dir='ltr'>derosolomitani</span> <span class='ocrx_word' id='word_1_24' title='bbox 883 852 970 894; x_wconf 89' lang='lat' dir='ltr'>sancte</span> <span class='ocrx_word' id='word_1_25' title='bbox 994 845 1076 894; x_wconf 87' lang='lat' dir='ltr'>Maria</span> <span class='ocrx_word' id='word_1_26' title='bbox 1102 844 1318 896; x_wconf 84' lang='lat' dir='ltr'>Theumuicorum</span> <span class='ocrx_word' id='word_1_27' title='bbox 1336 837 1363 896; x_wconf 74' lang='lat' dir='ltr'>e&#39;t</span> <span class='ocrx_word' id='word_1_28' title='bbox 1380 844 1583 907; x_wconf 79' lang='lat' dir='ltr'>calatrauensis,</span> 
     </span>
     <span class='ocr_line' id='line_1_5' title="bbox 392 929 1583 996; baseline -0.003 -15"><span class='ocrx_word' id='word_1_29' title='bbox 392 932 531 994; x_wconf 82' lang='lat' dir='ltr'>magistris,</span> <span class='ocrx_word' id='word_1_30' title='bbox 549 931 684 995; x_wconf 80' lang='lat' dir='ltr'>prioribus,</span> <span class='ocrx_word' id='word_1_31' title='bbox 702 930 893 996; x_wconf 80' lang='lat' dir='ltr'><strong>preceptoribus</strong></span> <span class='ocrx_word' id='word_1_32' title='bbox 911 932 938 980; x_wconf 93' lang='lat' dir='ltr'>iu</span> <span class='ocrx_word' id='word_1_33' title='bbox 954 931 1059 980; x_wconf 88' lang='lat' dir='ltr'>ciuitate</span> <span class='ocrx_word' id='word_1_34' title='bbox 1074 938 1098 979; x_wconf 91' lang='lat' dir='ltr'>et</span> <span class='ocrx_word' id='word_1_35' title='bbox 1110 929 1205 980; x_wconf 84' lang='lat' dir='ltr'>diocesi</span> <span class='ocrx_word' id='word_1_36' title='bbox 1217 930 1424 984; x_wconf 87' lang='lat' dir='ltr'>Nidrosiensibus</span> <span class='ocrx_word' id='word_1_37' title='bbox 1436 930 1583 980; x_wconf 85' lang='lat' dir='ltr'>constitutis</span> 
     </span>
     <span class='ocr_line' id='line_1_6' title="bbox 393 1013 1582 1084; baseline 0.001 -19"><span class='ocrx_word' id='word_1_38' title='bbox 393 1015 502 1066; x_wconf 88' lang='lat' dir='ltr'>salutem</span> <span class='ocrx_word' id='word_1_39' title='bbox 519 1022 645 1084; x_wconf 88' lang='lat' dir='ltr'>etapost.</span> <span class='ocrx_word' id='word_1_40' title='bbox 658 1016 783 1065; x_wconf 90' lang='lat' dir='ltr'>benedict.</span> <span class='ocrx_word' id='word_1_41' title='bbox 819 1015 847 1066; x_wconf 81' lang='lat' dir='ltr'>Si</span> <span class='ocrx_word' id='word_1_42' title='bbox 864 1016 908 1065; x_wconf 93' lang='lat' dir='ltr'>uui</span> <span class='ocrx_word' id='word_1_43' title='bbox 926 1016 1039 1065; x_wconf 91' lang='lat' dir='ltr'>membro</span> <span class='ocrx_word' id='word_1_44' title='bbox 1057 1014 1164 1079; x_wconf 88' lang='lat' dir='ltr'>patienti</span> <span class='ocrx_word' id='word_1_45' title='bbox 1181 1016 1370 1081; x_wconf 90' lang='lat' dir='ltr'>compatiantur</span> <span class='ocrx_word' id='word_1_46' title='bbox 1386 1016 1447 1074; x_wconf 87' lang='lat' dir='ltr'>alia,</span> <span class='ocrx_word' id='word_1_47' title='bbox 1464 1013 1582 1080; x_wconf 87' lang='lat' dir='ltr'>proiecto</span> 
     </span>
     <span class='ocr_line' id='line_1_7' title="bbox 391 1098 1584 1167; baseline -0.002 -16"><span class='ocrx_word' id='word_1_48' title='bbox 391 1102 500 1167; x_wconf 88' lang='lat' dir='ltr'>patienti</span> <span class='ocrx_word' id='word_1_49' title='bbox 518 1099 595 1165; x_wconf 90' lang='lat' dir='ltr'>capiti</span> <span class='ocrx_word' id='word_1_50' title='bbox 613 1107 652 1151; x_wconf 90' lang='lat' dir='ltr'>est</span> <span class='ocrx_word' id='word_1_51' title='bbox 669 1116 685 1150; x_wconf 92' lang='lat' dir='ltr'>a</span> <span class='ocrx_word' id='word_1_52' title='bbox 701 1100 820 1151; x_wconf 82' lang='lat' dir='ltr'>membris</span> <span class='ocrx_word' id='word_1_53' title='bbox 838 1101 1042 1166; x_wconf 87' lang='lat' dir='ltr'>compatiendum</span> <span class='ocrx_word' id='word_1_54' title='bbox 1059 1098 1160 1159; x_wconf 81' lang='lat' dir='ltr'>fortius,</span> <span class='ocrx_word' id='word_1_55' title='bbox 1178 1108 1205 1149; x_wconf 92' lang='lat' dir='ltr'>et</span> <span class='ocrx_word' id='word_1_56' title='bbox 1222 1102 1303 1151; x_wconf 89' lang='lat' dir='ltr'>eidem</span> <span class='ocrx_word' id='word_1_57' title='bbox 1321 1102 1463 1152; x_wconf 83' lang='lat' dir='ltr'>subsidium</span> <span class='ocrx_word' id='word_1_58' title='bbox 1479 1114 1584 1164; x_wconf 91' lang='lat' dir='ltr'>promp-</span> 
     </span>
     <span class='ocr_line' id='line_1_8' title="bbox 392 1184 1583 1249; baseline 0 -14"><span class='ocrx_word' id='word_1_59' title='bbox 392 1188 443 1246; x_wconf 75' lang='lat' dir='ltr'>tius</span> <span class='ocrx_word' id='word_1_60' title='bbox 460 1185 662 1236; x_wconf 87' lang='lat' dir='ltr'>ministrandum.</span> <span class='ocrx_word' id='word_1_61' title='bbox 706 1184 773 1236; x_wconf 81' lang='lat' dir='ltr'>Sane</span> <span class='ocrx_word' id='word_1_62' title='bbox 800 1192 912 1237; x_wconf 85' lang='lat' dir='ltr'>uestram</span> <span class='ocrx_word' id='word_1_63' title='bbox 939 1186 1065 1234; x_wconf 90' lang='lat' dir='ltr'>eredimus</span> <span class='ocrx_word' id='word_1_64' title='bbox 1081 1185 1243 1248; x_wconf 75' lang='lat' dir='ltr'>prudentiam</span> <span class='ocrx_word' id='word_1_65' title='bbox 1260 1200 1311 1235; x_wconf 92' lang='lat' dir='ltr'>uon</span> <span class='ocrx_word' id='word_1_66' title='bbox 1327 1186 1408 1236; x_wconf 87' lang='lat' dir='ltr'>latere</span> <span class='ocrx_word' id='word_1_67' title='bbox 1425 1199 1504 1249; x_wconf 87' lang='lat' dir='ltr'>quam</span> <span class='ocrx_word' id='word_1_68' title='bbox 1522 1186 1583 1235; x_wconf 90' lang='lat' dir='ltr'>dure</span> 
     </span>
     <span class='ocr_line' id='line_1_9' title="bbox 393 1269 1584 1335; baseline -0.002 -14"><span class='ocrx_word' id='word_1_69' title='bbox 393 1285 517 1335; x_wconf 88' lang='lat' dir='ltr'>quamque</span> <span class='ocrx_word' id='word_1_70' title='bbox 535 1271 678 1321; x_wconf 82' lang='lat' dir='ltr'>immaniter</span> <span class='ocrx_word' id='word_1_71' title='bbox 702 1270 735 1320; x_wconf 92' lang='lat' dir='ltr'>ab</span> <span class='ocrx_word' id='word_1_72' title='bbox 760 1269 878 1321; x_wconf 82' lang='lat' dir='ltr'>hereticis</span> <span class='ocrx_word' id='word_1_73' title='bbox 905 1278 931 1319; x_wconf 91' lang='lat' dir='ltr'>et</span> <span class='ocrx_word' id='word_1_74' title='bbox 956 1269 1101 1319; x_wconf 87' lang='lat' dir='ltr'>infidelibus</span> <span class='ocrx_word' id='word_1_75' title='bbox 1126 1269 1241 1334; x_wconf 88' lang='lat' dir='ltr'>plurimis</span> <span class='ocrx_word' id='word_1_76' title='bbox 1270 1278 1437 1320; x_wconf 82' lang='lat' dir='ltr'>sacrosancta</span> <span class='ocrx_word' id='word_1_77' title='bbox 1464 1269 1584 1320; x_wconf 72' lang='lat' dir='ltr'>Rosam</span> 
     </span>
     <span class='ocr_line' id='line_1_10' title="bbox 392 1354 1582 1419; baseline -0.001 -15"><span class='ocrx_word' id='word_1_78' title='bbox 392 1356 501 1406; x_wconf 88' lang='lat' dir='ltr'>ecclesia</span> <span class='ocrx_word' id='word_1_79' title='bbox 517 1366 599 1405; x_wconf 87' lang='lat' dir='ltr'>mater</span> <span class='ocrx_word' id='word_1_80' title='bbox 616 1362 705 1406; x_wconf 88' lang='lat' dir='ltr'>nostra</span> <span class='ocrx_word' id='word_1_81' title='bbox 723 1369 770 1419; x_wconf 88' lang='lat' dir='ltr'>que</span> <span class='ocrx_word' id='word_1_82' title='bbox 788 1354 896 1405; x_wconf 87' lang='lat' dir='ltr'>aliarum</span> <span class='ocrx_word' id='word_1_83' title='bbox 914 1354 1078 1404; x_wconf 90' lang='lat' dir='ltr'>eeclesiarum</span> <span class='ocrx_word' id='word_1_84' title='bbox 1096 1362 1173 1418; x_wconf 86' lang='lat' dir='ltr'>eaput</span> <span class='ocrx_word' id='word_1_85' title='bbox 1191 1368 1246 1403; x_wconf 90' lang='lat' dir='ltr'>esse</span> <span class='ocrx_word' id='word_1_86' title='bbox 1263 1355 1405 1406; x_wconf 88' lang='lat' dir='ltr'>dinoscitur</span> <span class='ocrx_word' id='word_1_87' title='bbox 1426 1356 1453 1404; x_wconf 91' lang='lat' dir='ltr'>in</span> <span class='ocrx_word' id='word_1_88' title='bbox 1475 1354 1582 1404; x_wconf 86' lang='lat' dir='ltr'>diuersis</span> 
     </span>
     <span class='ocr_line' id='line_1_11' title="bbox 391 1438 1583 1506; baseline -0.001 -16"><span class='ocrx_word' id='word_1_89' title='bbox 391 1441 467 1491; x_wconf 86' lang='lat' dir='ltr'>Italic</span> <span class='ocrx_word' id='word_1_90' title='bbox 483 1442 599 1506; x_wconf 88' lang='lat' dir='ltr'>partibus</span> <span class='ocrx_word' id='word_1_91' title='bbox 616 1441 773 1491; x_wconf 84' lang='lat' dir='ltr'>molestetur.</span> <span class='ocrx_word' id='word_1_92' title='bbox 817 1438 928 1502; x_wconf 88' lang='lat' dir='ltr'>ideoque</span> <span class='ocrx_word' id='word_1_93' title='bbox 953 1454 1000 1489; x_wconf 90' lang='lat' dir='ltr'>nos</span> <span class='ocrx_word' id='word_1_94' title='bbox 1027 1440 1149 1489; x_wconf 89' lang='lat' dir='ltr'>attentius</span> <span class='ocrx_word' id='word_1_95' title='bbox 1175 1441 1318 1503; x_wconf 74' lang='lat' dir='ltr'>cogitantes</span> <span class='ocrx_word' id='word_1_96' title='bbox 1344 1441 1420 1503; x_wconf 77' lang='lat' dir='ltr'>quod‘</span> <span class='ocrx_word' id='word_1_97' title='bbox 1434 1455 1475 1491; x_wconf 89' lang='lat' dir='ltr'>res</span> <span class='ocrx_word' id='word_1_98' title='bbox 1494 1448 1583 1491; x_wconf 86' lang='lat' dir='ltr'>nostra</span> 
     </span>
     <span class='ocr_line' id='line_1_12' title="bbox 393 1523 1582 1590; baseline -0.002 -15"><span class='ocrx_word' id='word_1_99' title='bbox 393 1525 454 1576; x_wconf 85' lang='lat' dir='ltr'>dum</span> <span class='ocrx_word' id='word_1_100' title='bbox 471 1541 518 1575; x_wconf 92' lang='lat' dir='ltr'>sua</span> <span class='ocrx_word' id='word_1_101' title='bbox 536 1534 662 1576; x_wconf 85' lang='lat' dir='ltr'>tractatur</span> <span class='ocrx_word' id='word_1_102' title='bbox 679 1527 772 1589; x_wconf 87' lang='lat' dir='ltr'>agitur,</span> <span class='ocrx_word' id='word_1_103' title='bbox 789 1524 949 1576; x_wconf 74' lang='lat' dir='ltr'>necessitatis</span> <span class='ocrx_word' id='word_1_104' title='bbox 965 1523 1045 1590; x_wconf 90' lang='lat' dir='ltr'>ipsius</span> <span class='ocrx_word' id='word_1_105' title='bbox 1062 1525 1096 1573; x_wconf 88' lang='lat' dir='ltr'>ad</span> <span class='ocrx_word' id='word_1_106' title='bbox 1112 1540 1182 1589; x_wconf 76' lang='lat' dir='ltr'>&#39;quas</span> <span class='ocrx_word' id='word_1_107' title='bbox 1208 1524 1404 1590; x_wconf 75' lang='lat' dir='ltr'>supponendas,</span> <span class='ocrx_word' id='word_1_108' title='bbox 1421 1539 1468 1590; x_wconf 92' lang='lat' dir='ltr'>per</span> <span class='ocrx_word' id='word_1_109' title='bbox 1485 1540 1515 1574; x_wconf 89' lang='lat' dir='ltr'>se</span> <span class='ocrx_word' id='word_1_110' title='bbox 1531 1539 1582 1575; x_wconf 92' lang='lat' dir='ltr'>non</span> 
     </span>
     <span class='ocr_line' id='line_1_13' title="bbox 393 1607 1582 1675; baseline -0.002 -14"><span class='ocrx_word' id='word_1_111' title='bbox 393 1609 488 1661; x_wconf 87' lang='lat' dir='ltr'>sufficit</span> <span class='ocrx_word' id='word_1_112' title='bbox 504 1611 578 1661; x_wconf 91' lang='lat' dir='ltr'>uobis</span> <span class='ocrx_word' id='word_1_113' title='bbox 595 1609 747 1661; x_wconf 87' lang='lat' dir='ltr'>fiducialiter</span> <span class='ocrx_word' id='word_1_114' title='bbox 763 1608 921 1675; x_wconf 84' lang='lat' dir='ltr'>prouidimus</span> <span class='ocrx_word' id='word_1_115' title='bbox 937 1610 1111 1673; x_wconf 86' lang='lat' dir='ltr'>exponendas.</span> <span class='ocrx_word' id='word_1_116' title='bbox 1146 1607 1284 1673; x_wconf 81' lang='lat' dir='ltr'>Sperantes</span> <span class='ocrx_word' id='word_1_117' title='bbox 1304 1609 1407 1659; x_wconf 87' lang='lat' dir='ltr'>indubie</span> <span class='ocrx_word' id='word_1_118' title='bbox 1425 1610 1494 1675; x_wconf 91' lang='lat' dir='ltr'>qnod</span> <span class='ocrx_word' id='word_1_119' title='bbox 1512 1609 1582 1660; x_wconf 91' lang='lat' dir='ltr'>uelut</span> 
     </span>
     <span class='ocr_line' id='line_1_14' title="bbox 393 1693 1582 1759; baseline -0.001 -13"><span class='ocrx_word' id='word_1_120' title='bbox 393 1696 479 1747; x_wconf 86' lang='lat' dir='ltr'>deuoti</span> <span class='ocrx_word' id='word_1_121' title='bbox 497 1703 523 1745; x_wconf 91' lang='lat' dir='ltr'>et</span> <span class='ocrx_word' id='word_1_122' title='bbox 540 1695 607 1759; x_wconf 89' lang='lat' dir='ltr'>grati</span> <span class='ocrx_word' id='word_1_123' title='bbox 623 1695 669 1758; x_wconf 87' lang='lat' dir='ltr'>filij</span> <span class='ocrx_word' id='word_1_124' title='bbox 688 1695 770 1745; x_wconf 89' lang='lat' dir='ltr'>eidem</span> <span class='ocrx_word' id='word_1_125' title='bbox 787 1694 863 1744; x_wconf 87' lang='lat' dir='ltr'>matri</span> <span class='ocrx_word' id='word_1_126' title='bbox 880 1694 1065 1759; x_wconf 82' lang='lat' dir='ltr'>compassionis</span> <span class='ocrx_word' id='word_1_127' title='bbox 1083 1708 1113 1743; x_wconf 88' lang='lat' dir='ltr'>ac</span> <span class='ocrx_word' id='word_1_128' title='bbox 1131 1693 1233 1758; x_wconf 89' lang='lat' dir='ltr'>pietatis</span> <span class='ocrx_word' id='word_1_129' title='bbox 1251 1693 1370 1758; x_wconf 88' lang='lat' dir='ltr'>aperietis</span> <span class='ocrx_word' id='word_1_130' title='bbox 1387 1696 1488 1745; x_wconf 88' lang='lat' dir='ltr'>uiscera</span> <span class='ocrx_word' id='word_1_131' title='bbox 1507 1704 1533 1745; x_wconf 90' lang='lat' dir='ltr'>et</span> <span class='ocrx_word' id='word_1_132' title='bbox 1550 1696 1582 1745; x_wconf 90' lang='lat' dir='ltr'>ad</span> 
     </span>
     <span class='ocr_line' id='line_1_15' title="bbox 393 1777 1583 1845; baseline -0.001 -15"><span class='ocrx_word' id='word_1_133' title='bbox 393 1789 463 1830; x_wconf 90' lang='lat' dir='ltr'>tante</span> <span class='ocrx_word' id='word_1_134' title='bbox 481 1780 597 1845; x_wconf 89' lang='lat' dir='ltr'>superbie</span> <span class='ocrx_word' id='word_1_135' title='bbox 615 1788 641 1829; x_wconf 88' lang='lat' dir='ltr'>et</span> <span class='ocrx_word' id='word_1_136' title='bbox 658 1780 814 1830; x_wconf 89' lang='lat' dir='ltr'>infidelitatis</span> <span class='ocrx_word' id='word_1_137' title='bbox 832 1795 937 1840; x_wconf 90' lang='lat' dir='ltr'>cornua,</span> <span class='ocrx_word' id='word_1_138' title='bbox 957 1787 1053 1843; x_wconf 87' lang='lat' dir='ltr'>quanta</span> <span class='ocrx_word' id='word_1_139' title='bbox 1069 1777 1161 1843; x_wconf 81' lang='lat' dir='ltr'>prelati</span> <span class='ocrx_word' id='word_1_140' title='bbox 1177 1778 1282 1828; x_wconf 87' lang='lat' dir='ltr'>heretici</span> <span class='ocrx_word' id='word_1_141' title='bbox 1300 1787 1326 1829; x_wconf 90' lang='lat' dir='ltr'>et</span> <span class='ocrx_word' id='word_1_142' title='bbox 1351 1779 1467 1829; x_wconf 85' lang='lat' dir='ltr'>infideles</span> <span class='ocrx_word' id='word_1_143' title='bbox 1494 1787 1583 1830; x_wconf 89' lang='lat' dir='ltr'>eontra</span> 
     </span>
     <span class='ocr_line' id='line_1_16' title="bbox 392 1863 1582 1930; baseline 0 -15"><span class='ocrx_word' id='word_1_144' title='bbox 392 1867 475 1930; x_wconf 88' lang='lat' dir='ltr'>ipsam</span> <span class='ocrx_word' id='word_1_145' title='bbox 492 1866 594 1929; x_wconf 89' lang='lat' dir='ltr'>erigunt</span> <span class='ocrx_word' id='word_1_146' title='bbox 611 1866 766 1915; x_wconf 86' lang='lat' dir='ltr'>conterenda</span> <span class='ocrx_word' id='word_1_147' title='bbox 791 1864 839 1930; x_wconf 92' lang='lat' dir='ltr'>ipsi</span> <span class='ocrx_word' id='word_1_148' title='bbox 857 1864 965 1914; x_wconf 89' lang='lat' dir='ltr'>ecclesie</span> <span class='ocrx_word' id='word_1_149' title='bbox 983 1865 1015 1914; x_wconf 91' lang='lat' dir='ltr'>de</span> <span class='ocrx_word' id='word_1_150' title='bbox 1033 1871 1162 1927; x_wconf 89' lang='lat' dir='ltr'>oportuno</span> <span class='ocrx_word' id='word_1_151' title='bbox 1180 1863 1294 1913; x_wconf 92' lang='lat' dir='ltr'>subsidio</span> <span class='ocrx_word' id='word_1_152' title='bbox 1312 1864 1474 1914; x_wconf 81' lang='lat' dir='ltr'>maturabitis</span> <span class='ocrx_word' id='word_1_153' title='bbox 1493 1865 1582 1915; x_wconf 89' lang='lat' dir='ltr'>subue-</span> 
     </span>
     <span class='ocr_line' id='line_1_17' title="bbox 393 1948 1582 2016; baseline -0.001 -16"><span class='ocrx_word' id='word_1_154' title='bbox 393 1951 454 2013; x_wconf 85' lang='lat' dir='ltr'>nire,</span> <span class='ocrx_word' id='word_1_155' title='bbox 471 1949 606 2016; x_wconf 85' lang='lat' dir='ltr'>presertim</span> <span class='ocrx_word' id='word_1_156' title='bbox 624 1950 683 2013; x_wconf 88' lang='lat' dir='ltr'>quia</span> <span class='ocrx_word' id='word_1_157' title='bbox 700 1951 766 2000; x_wconf 92' lang='lat' dir='ltr'>sicut</span> <span class='ocrx_word' id='word_1_158' title='bbox 782 1950 873 2011; x_wconf 89' lang='lat' dir='ltr'>nostis,</span> <span class='ocrx_word' id='word_1_159' title='bbox 892 1956 948 2000; x_wconf 91' lang='lat' dir='ltr'>toto</span> <span class='ocrx_word' id='word_1_160' title='bbox 967 1957 1081 2012; x_wconf 91' lang='lat' dir='ltr'>tempore</span> <span class='ocrx_word' id='word_1_161' title='bbox 1098 1956 1189 1997; x_wconf 90' lang='lat' dir='ltr'>nostro</span> <span class='ocrx_word' id='word_1_162' title='bbox 1207 1948 1345 1999; x_wconf 89' lang='lat' dir='ltr'>uitauimus</span> <span class='ocrx_word' id='word_1_163' title='bbox 1371 1949 1399 1998; x_wconf 91' lang='lat' dir='ltr'>in</span> <span class='ocrx_word' id='word_1_164' title='bbox 1422 1949 1582 2013; x_wconf 85' lang='lat' dir='ltr'>postulandis</span> 
     </span>
     <span class='ocr_line' id='line_1_18' title="bbox 394 2033 1582 2099; baseline -0.003 -13"><span class='ocrx_word' id='word_1_165' title='bbox 394 2035 522 2098; x_wconf 89' lang='lat' dir='ltr'>subsidijs,</span> <span class='ocrx_word' id='word_1_166' title='bbox 539 2050 598 2084; x_wconf 90' lang='lat' dir='ltr'>eum</span> <span class='ocrx_word' id='word_1_167' title='bbox 614 2035 664 2083; x_wconf 89' lang='lat' dir='ltr'>hoc</span> <span class='ocrx_word' id='word_1_168' title='bbox 682 2034 791 2099; x_wconf 90' lang='lat' dir='ltr'>primum</span> <span class='ocrx_word' id='word_1_169' title='bbox 809 2048 863 2084; x_wconf 88' lang='lat' dir='ltr'>esse</span> <span class='ocrx_word' id='word_1_170' title='bbox 881 2035 1015 2083; x_wconf 89' lang='lat' dir='ltr'>credamus</span> <span class='ocrx_word' id='word_1_171' title='bbox 1033 2034 1101 2096; x_wconf 92' lang='lat' dir='ltr'>quod</span> <span class='ocrx_word' id='word_1_172' title='bbox 1129 2050 1145 2082; x_wconf 90' lang='lat' dir='ltr'>a</span> <span class='ocrx_word' id='word_1_173' title='bbox 1174 2033 1247 2083; x_wconf 89' lang='lat' dir='ltr'>uobis</span> <span class='ocrx_word' id='word_1_174' title='bbox 1275 2049 1320 2098; x_wconf 90' lang='lat' dir='ltr'>per</span> <span class='ocrx_word' id='word_1_175' title='bbox 1348 2049 1395 2083; x_wconf 89' lang='lat' dir='ltr'>nos</span> <span class='ocrx_word' id='word_1_176' title='bbox 1424 2035 1582 2098; x_wconf 88' lang='lat' dir='ltr'>postulatum</span> 
     </span>
     <span class='ocr_line' id='line_1_19' title="bbox 393 2118 1584 2183; baseline -0.001 -14"><span class='ocrx_word' id='word_1_177' title='bbox 393 2121 508 2170; x_wconf 86' lang='lat' dir='ltr'>extiterit</span> <span class='ocrx_word' id='word_1_178' title='bbox 525 2135 572 2169; x_wconf 89' lang='lat' dir='ltr'>uos</span> <span class='ocrx_word' id='word_1_179' title='bbox 590 2134 704 2183; x_wconf 85' lang='lat' dir='ltr'>gravare.</span> <span class='ocrx_word' id='word_1_180' title='bbox 749 2118 878 2180; x_wconf 84' lang='lat' dir='ltr'>Quocirca</span> <span class='ocrx_word' id='word_1_181' title='bbox 904 2119 1096 2168; x_wconf 87' lang='lat' dir='ltr'>uniuersitatem</span> <span class='ocrx_word' id='word_1_182' title='bbox 1121 2125 1233 2169; x_wconf 85' lang='lat' dir='ltr'>uestram</span> <span class='ocrx_word' id='word_1_183' title='bbox 1260 2133 1400 2181; x_wconf 89' lang='lat' dir='ltr'>monemus,</span> <span class='ocrx_word' id='word_1_184' title='bbox 1417 2133 1542 2182; x_wconf 88' lang='lat' dir='ltr'>rogamus</span> <span class='ocrx_word' id='word_1_185' title='bbox 1559 2127 1584 2169; x_wconf 91' lang='lat' dir='ltr'>et</span> 
     </span>
     <span class='ocr_line' id='line_1_20' title="bbox 393 2199 1582 2268; baseline -0.004 -13"><span class='ocrx_word' id='word_1_186' title='bbox 393 2199 527 2255; x_wconf 80' lang='lat' dir='ltr'>hortamur</span> <span class='ocrx_word' id='word_1_187' title='bbox 535 2205 665 2264; x_wconf 89' lang='lat' dir='ltr'>attentius,</span> <span class='ocrx_word' id='word_1_188' title='bbox 675 2205 792 2268; x_wconf 89' lang='lat' dir='ltr'>quatinus</span> <span class='ocrx_word' id='word_1_189' title='bbox 810 2203 939 2267; x_wconf 90' lang='lat' dir='ltr'>premissis</span> <span class='ocrx_word' id='word_1_190' title='bbox 957 2205 983 2253; x_wconf 93' lang='lat' dir='ltr'>in</span> <span class='ocrx_word' id='word_1_191' title='bbox 1002 2203 1124 2252; x_wconf 89' lang='lat' dir='ltr'>scrutinio</span> <span class='ocrx_word' id='word_1_192' title='bbox 1141 2212 1209 2253; x_wconf 89' lang='lat' dir='ltr'>reete</span> <span class='ocrx_word' id='word_1_193' title='bbox 1228 2203 1439 2254; x_wconf 83' lang='lat' dir='ltr'>considerationis</span> <span class='ocrx_word' id='word_1_194' title='bbox 1457 2203 1582 2254; x_wconf 87' lang='lat' dir='ltr'>adductis.</span> 
     </span>
    </p>
   </div>
   <div class='ocr_carea' id='block_1_3' title="bbox 308 2289 1582 2355">
    <p class='ocr_par' dir='ltr' id='par_1_3' title="bbox 308 2289 1582 2355">
     <span class='ocr_line' id='line_1_21' title="bbox 308 2289 1582 2355; baseline 0 -16"><span class='ocrx_word' id='word_1_195' title='bbox 308 2289 311 2298; x_wconf 90' lang='lat'>&#39;</span> <span class='ocrx_word' id='word_1_196' title='bbox 393 2298 419 2339; x_wconf 88' lang='lat' dir='ltr'>et</span> <span class='ocrx_word' id='word_1_197' title='bbox 436 2292 539 2355; x_wconf 91' lang='lat' dir='ltr'>insuper</span> <span class='ocrx_word' id='word_1_198' title='bbox 557 2289 694 2353; x_wconf 83' lang='lat' dir='ltr'>diligenter</span> <span class='ocrx_word' id='word_1_199' title='bbox 710 2296 809 2339; x_wconf 92' lang='lat' dir='ltr'>attento</span> <span class='ocrx_word' id='word_1_200' title='bbox 828 2290 896 2352; x_wconf 89' lang='lat' dir='ltr'>quod</span> <span class='ocrx_word' id='word_1_201' title='bbox 915 2289 1083 2338; x_wconf 89' lang='lat' dir='ltr'>hereticorum</span> <span class='ocrx_word' id='word_1_202' title='bbox 1101 2297 1128 2337; x_wconf 92' lang='lat' dir='ltr'>et</span> <span class='ocrx_word' id='word_1_203' title='bbox 1144 2289 1281 2339; x_wconf 87' lang='lat' dir='ltr'>infidelium</span> <span class='ocrx_word' id='word_1_204' title='bbox 1308 2290 1481 2353; x_wconf 88' lang='lat' dir='ltr'>predictorum</span> <span class='ocrx_word' id='word_1_205' title='bbox 1508 2290 1582 2340; x_wconf 90' lang='lat' dir='ltr'>iuua-</span> 
     </span>
    </p>
   </div>
   <div class='ocr_carea' id='block_1_4' title="bbox 391 2373 1603 4652">
    <p class='ocr_par' dir='ltr' id='par_1_4' title="bbox 391 2373 1599 4311">
     <span class='ocr_line' id='line_1_22' title="bbox 392 2373 1584 2439; baseline -0.001 -15"><span class='ocrx_word' id='word_1_206' title='bbox 392 2376 506 2425; x_wconf 90' lang='lat' dir='ltr'>lesceute</span> <span class='ocrx_word' id='word_1_207' title='bbox 524 2374 627 2426; x_wconf 89' lang='lat' dir='ltr'>malicia</span> <span class='ocrx_word' id='word_1_208' title='bbox 644 2375 737 2439; x_wconf 90' lang='lat' dir='ltr'>ubique</span> <span class='ocrx_word' id='word_1_209' title='bbox 753 2376 780 2424; x_wconf 94' lang='lat' dir='ltr'>in</span> <span class='ocrx_word' id='word_1_210' title='bbox 797 2374 847 2424; x_wconf 90' lang='lat' dir='ltr'>illis</span> <span class='ocrx_word' id='word_1_211' title='bbox 866 2373 980 2438; x_wconf 89' lang='lat' dir='ltr'>partibus</span> <span class='ocrx_word' id='word_1_212' title='bbox 998 2373 1126 2438; x_wconf 89' lang='lat' dir='ltr'>pullulent</span> <span class='ocrx_word' id='word_1_213' title='bbox 1142 2375 1253 2436; x_wconf 86' lang='lat' dir='ltr'>hereses,</span> <span class='ocrx_word' id='word_1_214' title='bbox 1270 2374 1371 2425; x_wconf 90' lang='lat' dir='ltr'>diuinus</span> <span class='ocrx_word' id='word_1_215' title='bbox 1389 2376 1474 2424; x_wconf 88' lang='lat' dir='ltr'>cultus</span> <span class='ocrx_word' id='word_1_216' title='bbox 1495 2374 1584 2424; x_wconf 92' lang='lat' dir='ltr'>minni-</span> 
     </span>
     <span class='ocr_line' id='line_1_23' title="bbox 394 2459 1584 2525; baseline 0 -16"><span class='ocrx_word' id='word_1_217' title='bbox 394 2467 443 2521; x_wconf 93' lang='lat' dir='ltr'>tur,</span> <span class='ocrx_word' id='word_1_218' title='bbox 461 2459 523 2510; x_wconf 87' lang='lat' dir='ltr'>fides</span> <span class='ocrx_word' id='word_1_219' title='bbox 542 2461 670 2512; x_wconf 86' lang='lat' dir='ltr'>catholiea</span> <span class='ocrx_word' id='word_1_220' title='bbox 687 2461 818 2525; x_wconf 84' lang='lat' dir='ltr'>premitur,</span> <span class='ocrx_word' id='word_1_221' title='bbox 833 2460 964 2509; x_wconf 87' lang='lat' dir='ltr'>libertates</span> <span class='ocrx_word' id='word_1_222' title='bbox 983 2467 1009 2508; x_wconf 91' lang='lat' dir='ltr'>et</span> <span class='ocrx_word' id='word_1_223' title='bbox 1026 2460 1082 2508; x_wconf 88' lang='lat' dir='ltr'>iura</span> <span class='ocrx_word' id='word_1_224' title='bbox 1099 2460 1272 2509; x_wconf 88' lang='lat' dir='ltr'>ecclesiastica</span> <span class='ocrx_word' id='word_1_225' title='bbox 1289 2460 1483 2523; x_wconf 86' lang='lat' dir='ltr'>conculcantur,</span> <span class='ocrx_word' id='word_1_226' title='bbox 1494 2460 1584 2525; x_wconf 88' lang='lat' dir='ltr'>prelati</span> 
     </span>
     <span class='ocr_line' id='line_1_24' title="bbox 394 2543 1584 2609; baseline -0.001 -15"><span class='ocrx_word' id='word_1_227' title='bbox 394 2559 494 2609; x_wconf 91' lang='lat' dir='ltr'>quoque</span> <span class='ocrx_word' id='word_1_228' title='bbox 512 2553 538 2595; x_wconf 92' lang='lat' dir='ltr'>et</span> <span class='ocrx_word' id='word_1_229' title='bbox 556 2546 599 2609; x_wconf 89' lang='lat' dir='ltr'>alij</span> <span class='ocrx_word' id='word_1_230' title='bbox 619 2545 730 2596; x_wconf 86' lang='lat' dir='ltr'>clericali</span> <span class='ocrx_word' id='word_1_231' title='bbox 756 2545 852 2595; x_wconf 92' lang='lat' dir='ltr'>milicia</span> <span class='ocrx_word' id='word_1_232' title='bbox 878 2544 1000 2607; x_wconf 87' lang='lat' dir='ltr'>insigniti,</span> <span class='ocrx_word' id='word_1_233' title='bbox 1026 2543 1175 2608; x_wconf 81' lang='lat' dir='ltr'>plerumqrie</span> <span class='ocrx_word' id='word_1_234' title='bbox 1201 2546 1335 2609; x_wconf 88' lang='lat' dir='ltr'>capiuntur</span> <span class='ocrx_word' id='word_1_235' title='bbox 1364 2553 1389 2594; x_wconf 88' lang='lat' dir='ltr'>et</span> <span class='ocrx_word' id='word_1_236' title='bbox 1414 2546 1584 2609; x_wconf 84' lang='lat' dir='ltr'>ignominiose</span> 
     </span>
     <span class='ocr_line' id='line_1_25' title="bbox 394 2628 1583 2696; baseline -0.003 -16"><span class='ocrx_word' id='word_1_237' title='bbox 394 2637 546 2693; x_wconf 86' lang='lat' dir='ltr'>tractantur,</span> <span class='ocrx_word' id='word_1_238' title='bbox 564 2631 708 2696; x_wconf 89' lang='lat' dir='ltr'>spoliantur</span> <span class='ocrx_word' id='word_1_239' title='bbox 726 2644 799 2679; x_wconf 90' lang='lat' dir='ltr'>sacra</span> <span class='ocrx_word' id='word_1_240' title='bbox 817 2638 843 2679; x_wconf 91' lang='lat' dir='ltr'>et</span> <span class='ocrx_word' id='word_1_241' title='bbox 859 2629 911 2692; x_wconf 88' lang='lat' dir='ltr'>pia,</span> <span class='ocrx_word' id='word_1_242' title='bbox 928 2629 989 2678; x_wconf 88' lang='lat' dir='ltr'>loca</span> <span class='ocrx_word' id='word_1_243' title='bbox 1005 2636 1058 2678; x_wconf 90' lang='lat' dir='ltr'>tam</span> <span class='ocrx_word' id='word_1_244' title='bbox 1076 2628 1197 2692; x_wconf 88' lang='lat' dir='ltr'>religiose</span> <span class='ocrx_word' id='word_1_245' title='bbox 1214 2644 1289 2693; x_wconf 90' lang='lat' dir='ltr'>quam</span> <span class='ocrx_word' id='word_1_246' title='bbox 1307 2628 1358 2677; x_wconf 85' lang='lat' dir='ltr'>ulia</span> <span class='ocrx_word' id='word_1_247' title='bbox 1380 2630 1583 2694; x_wconf 87' lang='lat' dir='ltr'>possessionibus</span> 
     </span>
     <span class='ocr_line' id='line_1_26' title="bbox 395 2707 1583 2780; baseline -0.003 -15"><span class='ocrx_word' id='word_1_248' title='bbox 395 2723 421 2765; x_wconf 92' lang='lat' dir='ltr'>et</span> <span class='ocrx_word' id='word_1_249' title='bbox 438 2716 494 2766; x_wconf 89' lang='lat' dir='ltr'>aliis</span> <span class='ocrx_word' id='word_1_250' title='bbox 512 2716 586 2765; x_wconf 90' lang='lat' dir='ltr'>bonis</span> <span class='ocrx_word' id='word_1_251' title='bbox 604 2716 666 2776; x_wconf 91' lang='lat' dir='ltr'>suis,</span> <span class='ocrx_word' id='word_1_252' title='bbox 685 2723 711 2765; x_wconf 91' lang='lat' dir='ltr'>et</span> <span class='ocrx_word' id='word_1_253' title='bbox 729 2729 882 2780; x_wconf 87' lang='lat' dir='ltr'>quamquam</span> <span class='ocrx_word' id='word_1_254' title='bbox 900 2714 951 2764; x_wconf 90' lang='lat' dir='ltr'>sint</span> <span class='ocrx_word' id='word_1_255' title='bbox 968 2714 1054 2763; x_wconf 93' lang='lat' dir='ltr'>diuino</span> <span class='ocrx_word' id='word_1_256' title='bbox 1072 2707 1190 2764; x_wconf 79' lang='lat' dir='ltr'>dedicata</span> <span class='ocrx_word' id='word_1_257' title='bbox 1207 2714 1286 2763; x_wconf 89' lang='lat' dir='ltr'>cultui</span> <span class='ocrx_word' id='word_1_258' title='bbox 1305 2715 1338 2763; x_wconf 89' lang='lat' dir='ltr'>ud</span> <span class='ocrx_word' id='word_1_259' title='bbox 1355 2730 1415 2765; x_wconf 87' lang='lat' dir='ltr'>usus</span> <span class='ocrx_word' id='word_1_260' title='bbox 1439 2723 1526 2764; x_wconf 87' lang='lat' dir='ltr'>tamen</span> <span class='ocrx_word' id='word_1_261' title='bbox 1544 2714 1583 2763; x_wconf 93' lang='lat' dir='ltr'>de-</span> 
     </span>
     <span class='ocr_line' id='line_1_27' title="bbox 394 2795 1584 2866; baseline -0.002 -16"><span class='ocrx_word' id='word_1_262' title='bbox 394 2795 516 2866; x_wconf 85' lang='lat' dir='ltr'>putantur</span> <span class='ocrx_word' id='word_1_263' title='bbox 533 2801 637 2852; x_wconf 91' lang='lat' dir='ltr'>illicitos</span> <span class='ocrx_word' id='word_1_264' title='bbox 656 2809 682 2852; x_wconf 94' lang='lat' dir='ltr'>et</span> <span class='ocrx_word' id='word_1_265' title='bbox 699 2798 828 2866; x_wconf 83' lang='lat' dir='ltr'>profanos,</span> <span class='ocrx_word' id='word_1_266' title='bbox 846 2807 961 2863; x_wconf 87' lang='lat' dir='ltr'>potestas</span> <span class='ocrx_word' id='word_1_267' title='bbox 979 2799 1150 2850; x_wconf 85' lang='lat' dir='ltr'>ecclesiastice</span> <span class='ocrx_word' id='word_1_268' title='bbox 1167 2814 1273 2849; x_wconf 89' lang='lat' dir='ltr'>censure</span> <span class='ocrx_word' id='word_1_269' title='bbox 1291 2800 1489 2865; x_wconf 90' lang='lat' dir='ltr'>contempnitur,</span> <span class='ocrx_word' id='word_1_270' title='bbox 1503 2800 1584 2849; x_wconf 90' lang='lat' dir='ltr'>incen-</span> 
     </span>
     <span class='ocr_line' id='line_1_28' title="bbox 395 2884 1584 2958; baseline -0.001 -24"><span class='ocrx_word' id='word_1_271' title='bbox 395 2887 490 2935; x_wconf 89' lang='lat' dir='ltr'>duntur</span> <span class='ocrx_word' id='word_1_272' title='bbox 507 2895 534 2936; x_wconf 92' lang='lat' dir='ltr'>et</span> <span class='ocrx_word' id='word_1_273' title='bbox 550 2887 715 2937; x_wconf 89' lang='lat' dir='ltr'>destruuntur</span> <span class='ocrx_word' id='word_1_274' title='bbox 732 2888 807 2936; x_wconf 88' lang='lat' dir='ltr'>urbes</span> <span class='ocrx_word' id='word_1_275' title='bbox 825 2892 851 2935; x_wconf 90' lang='lat' dir='ltr'>et</span> <span class='ocrx_word' id='word_1_276' title='bbox 873 2893 960 2935; x_wconf 89' lang='lat' dir='ltr'>castra</span> <span class='ocrx_word' id='word_1_277' title='bbox 984 2901 1043 2935; x_wconf 91' lang='lat' dir='ltr'>cum</span> <span class='ocrx_word' id='word_1_278' title='bbox 1069 2884 1182 2947; x_wconf 87' lang='lat' dir='ltr'>ecclesijs</span> <span class='ocrx_word' id='word_1_279' title='bbox 1211 2899 1260 2948; x_wconf 92' lang='lat' dir='ltr'>que</span> <span class='ocrx_word' id='word_1_280' title='bbox 1288 2894 1349 2935; x_wconf 91' lang='lat' dir='ltr'>sunt</span> <span class='ocrx_word' id='word_1_281' title='bbox 1375 2886 1422 2958; x_wconf 38' lang='lat' dir='ltr'>ibi,</span> <span class='ocrx_word' id='word_1_282' title='bbox 1441 2892 1584 2934; x_wconf 87' lang='lat' dir='ltr'>constructe</span> 
     </span>
     <span class='ocr_line' id='line_1_29' title="bbox 394 2968 1586 3036; baseline -0.003 -16"><span class='ocrx_word' id='word_1_283' title='bbox 394 2968 541 3034; x_wconf 87' lang='lat' dir='ltr'>infringitur</span> <span class='ocrx_word' id='word_1_284' title='bbox 558 2979 696 3021; x_wconf 90' lang='lat' dir='ltr'>stratomm</span> <span class='ocrx_word' id='word_1_285' title='bbox 713 2970 836 3023; x_wconf 83' lang='lat' dir='ltr'>securitas</span> <span class='ocrx_word' id='word_1_286' title='bbox 854 2971 998 3036; x_wconf 88' lang='lat' dir='ltr'>spoliantur</span> <span class='ocrx_word' id='word_1_287' title='bbox 1013 2970 1131 3030; x_wconf 87' lang='lat' dir='ltr'>viatores,</span> <span class='ocrx_word' id='word_1_288' title='bbox 1149 2984 1197 3019; x_wconf 90' lang='lat' dir='ltr'>uec</span> <span class='ocrx_word' id='word_1_289' title='bbox 1214 2971 1326 3033; x_wconf 80' lang='lat' dir='ltr'>parcitur</span> <span class='ocrx_word' id='word_1_290' title='bbox 1344 2972 1435 3030; x_wconf 91' lang='lat' dir='ltr'>ordini,</span> <span class='ocrx_word' id='word_1_291' title='bbox 1453 2971 1527 3020; x_wconf 86' lang='lat' dir='ltr'>sexui</span> <span class='ocrx_word' id='word_1_292' title='bbox 1544 2968 1586 3018; x_wconf 91' lang='lat' dir='ltr'>uel</span> 
     </span>
     <span class='ocr_line' id='line_1_30' title="bbox 396 3046 1586 3119; baseline -0.004 -13"><span class='ocrx_word' id='word_1_293' title='bbox 396 3057 466 3117; x_wconf 91' lang='lat' dir='ltr'>etati,</span> <span class='ocrx_word' id='word_1_294' title='bbox 484 3055 655 3107; x_wconf 87' lang='lat' dir='ltr'>defenduntur</span> <span class='ocrx_word' id='word_1_295' title='bbox 672 3046 778 3106; x_wconf 90' lang='lat' dir='ltr'>heretici</span> <span class='ocrx_word' id='word_1_296' title='bbox 796 3057 861 3105; x_wconf 89' lang='lat' dir='ltr'>adeo</span> <span class='ocrx_word' id='word_1_297' title='bbox 880 3057 949 3119; x_wconf 89' lang='lat' dir='ltr'>quod</span> <span class='ocrx_word' id='word_1_298' title='bbox 966 3057 992 3105; x_wconf 89' lang='lat' dir='ltr'>in</span> <span class='ocrx_word' id='word_1_299' title='bbox 1010 3056 1046 3104; x_wconf 90' lang='lat' dir='ltr'>eis</span> <span class='ocrx_word' id='word_1_300' title='bbox 1063 3055 1177 3118; x_wconf 90' lang='lat' dir='ltr'>partibus</span> <span class='ocrx_word' id='word_1_301' title='bbox 1194 3055 1355 3118; x_wconf 88' lang='lat' dir='ltr'>inquisitores</span> <span class='ocrx_word' id='word_1_302' title='bbox 1373 3055 1486 3105; x_wconf 90' lang='lat' dir='ltr'>heretice</span> <span class='ocrx_word' id='word_1_303' title='bbox 1503 3054 1586 3119; x_wconf 90' lang='lat' dir='ltr'>praui·</span> 
     </span>
     <span class='ocr_line' id='line_1_31' title="bbox 396 3130 1586 3207; baseline -0.003 -17"><span class='ocrx_word' id='word_1_304' title='bbox 396 3141 457 3190; x_wconf 89' lang='lat' dir='ltr'>tatis</span> <span class='ocrx_word' id='word_1_305' title='bbox 475 3155 533 3191; x_wconf 91' lang='lat' dir='ltr'>raro</span> <span class='ocrx_word' id='word_1_306' title='bbox 551 3143 647 3192; x_wconf 88' lang='lat' dir='ltr'>audent</span> <span class='ocrx_word' id='word_1_307' title='bbox 664 3130 785 3192; x_wconf 81' lang='lat' dir='ltr'>accedere</span> <span class='ocrx_word' id='word_1_308' title='bbox 803 3141 836 3189; x_wconf 88' lang='lat' dir='ltr'>ad</span> <span class='ocrx_word' id='word_1_309' title='bbox 853 3140 913 3190; x_wconf 87' lang='lat' dir='ltr'>loca</span> <span class='ocrx_word' id='word_1_310' title='bbox 930 3141 962 3189; x_wconf 91' lang='lat' dir='ltr'>de</span> <span class='ocrx_word' id='word_1_311' title='bbox 980 3140 1070 3203; x_wconf 90' lang='lat' dir='ltr'>quibus</span> <span class='ocrx_word' id='word_1_312' title='bbox 1087 3152 1171 3192; x_wconf 88' lang='lat' dir='ltr'>essent</span> <span class='ocrx_word' id='word_1_313' title='bbox 1188 3143 1326 3207; x_wconf 89' lang='lat' dir='ltr'>expediens</span> <span class='ocrx_word' id='word_1_314' title='bbox 1352 3156 1399 3205; x_wconf 93' lang='lat' dir='ltr'>pro</span> <span class='ocrx_word' id='word_1_315' title='bbox 1425 3156 1472 3190; x_wconf 90' lang='lat' dir='ltr'>suo</span> <span class='ocrx_word' id='word_1_316' title='bbox 1501 3139 1586 3191; x_wconf 84' lang='lat' dir='ltr'>oisrcio</span> 
     </span>
     <span class='ocr_line' id='line_1_32' title="bbox 397 3222 1587 3291; baseline -0.003 -15"><span class='ocrx_word' id='word_1_317' title='bbox 397 3233 485 3276; x_wconf 89' lang='lat' dir='ltr'>eontra</span> <span class='ocrx_word' id='word_1_318' title='bbox 503 3226 586 3277; x_wconf 88' lang='lat' dir='ltr'>dictos</span> <span class='ocrx_word' id='word_1_319' title='bbox 603 3226 731 3277; x_wconf 91' lang='lat' dir='ltr'>hereticos</span> <span class='ocrx_word' id='word_1_320' title='bbox 749 3227 902 3275; x_wconf 85' lang='lat' dir='ltr'>exercendo.</span> <span class='ocrx_word' id='word_1_321' title='bbox 937 3225 981 3275; x_wconf 85' lang='lat' dir='ltr'>Ad</span> <span class='ocrx_word' id='word_1_322' title='bbox 998 3227 1184 3291; x_wconf 90' lang='lat' dir='ltr'>reprimendum</span> <span class='ocrx_word' id='word_1_323' title='bbox 1203 3240 1255 3276; x_wconf 85' lang='lat' dir='ltr'>tam</span> <span class='ocrx_word' id='word_1_324' title='bbox 1262 3222 1491 3290; x_wconf 71' lang='lat' dir='ltr'>*presumptuosus</span> <span class='ocrx_word' id='word_1_325' title='bbox 1510 3240 1587 3274; x_wconf 89' lang='lat' dir='ltr'>ansus</span> 
     </span>
     <span class='ocr_line' id='line_1_33' title="bbox 396 3301 1589 3383; baseline -0.002 -23"><span class='ocrx_word' id='word_1_326' title='bbox 396 3317 498 3375; x_wconf 90' lang='lat' dir='ltr'>tamque</span> <span class='ocrx_word' id='word_1_327' title='bbox 525 3302 682 3383; x_wconf 87' lang='lat' dir='ltr'>periculosos</span> <span class='ocrx_word' id='word_1_328' title='bbox 708 3311 859 3360; x_wconf 87' lang='lat' dir='ltr'>heretieales</span> <span class='ocrx_word' id='word_1_329' title='bbox 886 3325 1015 3373; x_wconf 85' lang='lat' dir='ltr'>excessus,</span> <span class='ocrx_word' id='word_1_330' title='bbox 1042 3319 1067 3361; x_wconf 90' lang='lat' dir='ltr'>et</span> <span class='ocrx_word' id='word_1_331' title='bbox 1092 3313 1292 3377; x_wconf 89' lang='lat' dir='ltr'>supportandum</span> <span class='ocrx_word' id='word_1_332' title='bbox 1318 3312 1435 3373; x_wconf 81' lang='lat' dir='ltr'>gravium</span> <span class='ocrx_word' id='word_1_333' title='bbox 1460 3301 1589 3360; x_wconf 81' lang='lat' dir='ltr'>sarcinam</span> 
     </span>
     <span class='ocr_line' id='line_1_34' title="bbox 398 3394 1590 3462; baseline -0.001 -17"><span class='ocrx_word' id='word_1_334' title='bbox 398 3410 503 3446; x_wconf 90' lang='lat' dir='ltr'>onerum</span> <span class='ocrx_word' id='word_1_335' title='bbox 520 3395 720 3446; x_wconf 82' lang='lat' dir='ltr'>incumbentium</span> <span class='ocrx_word' id='word_1_336' title='bbox 738 3411 771 3445; x_wconf 89' lang='lat' dir='ltr'>ex</span> <span class='ocrx_word' id='word_1_337' title='bbox 788 3395 917 3462; x_wconf 89' lang='lat' dir='ltr'>premissis</span> <span class='ocrx_word' id='word_1_338' title='bbox 934 3411 981 3444; x_wconf 90' lang='lat' dir='ltr'>uos</span> <span class='ocrx_word' id='word_1_339' title='bbox 999 3402 1025 3444; x_wconf 92' lang='lat' dir='ltr'>et</span> <span class='ocrx_word' id='word_1_340' title='bbox 1041 3405 1155 3445; x_wconf 90' lang='lat' dir='ltr'>uestrum</span> <span class='ocrx_word' id='word_1_341' title='bbox 1172 3396 1265 3460; x_wconf 88' lang='lat' dir='ltr'>singuli</span> <span class='ocrx_word' id='word_1_342' title='bbox 1292 3395 1328 3444; x_wconf 92' lang='lat' dir='ltr'>sic</span> <span class='ocrx_word' id='word_1_343' title='bbox 1355 3404 1472 3460; x_wconf 91' lang='lat' dir='ltr'>prompte</span> <span class='ocrx_word' id='word_1_344' title='bbox 1502 3394 1590 3444; x_wconf 91' lang='lat' dir='ltr'>uelitis</span> 
     </span>
     <span class='ocr_line' id='line_1_35' title="bbox 396 3480 1590 3545; baseline 0.001 -16"><span class='ocrx_word' id='word_1_345' title='bbox 396 3480 488 3531; x_wconf 85' lang='lat' dir='ltr'>manus</span> <span class='ocrx_word' id='word_1_346' title='bbox 506 3482 644 3532; x_wconf 84' lang='lat' dir='ltr'>extendere</span> <span class='ocrx_word' id='word_1_347' title='bbox 659 3481 801 3531; x_wconf 89' lang='lat' dir='ltr'>liberaliter</span> <span class='ocrx_word' id='word_1_348' title='bbox 817 3481 962 3542; x_wconf 90' lang='lat' dir='ltr'>adiutrices,</span> <span class='ocrx_word' id='word_1_349' title='bbox 978 3482 1045 3544; x_wconf 92' lang='lat' dir='ltr'>quod</span> <span class='ocrx_word' id='word_1_350' title='bbox 1062 3481 1203 3531; x_wconf 84' lang='lat' dir='ltr'>auxiliante</span> <span class='ocrx_word' id='word_1_351' title='bbox 1221 3482 1326 3533; x_wconf 89' lang='lat' dir='ltr'>domino</span> <span class='ocrx_word' id='word_1_352' title='bbox 1343 3489 1482 3545; x_wconf 91' lang='lat' dir='ltr'>uestroque</span> <span class='ocrx_word' id='word_1_353' title='bbox 1508 3482 1590 3530; x_wconf 89' lang='lat' dir='ltr'>medi-</span> 
     </span>
     <span class='ocr_line' id='line_1_36' title="bbox 391 3550 1590 3634; baseline 0 -18"><span class='ocrx_word' id='word_1_354' title='bbox 391 3575 457 3634; x_wconf 83' lang='lat' dir='ltr'>ante</span> <span class='ocrx_word' id='word_1_355' title='bbox 470 3559 572 3616; x_wconf 82' lang='lat' dir='ltr'>&#39;auxilio</span> <span class='ocrx_word' id='word_1_356' title='bbox 590 3566 665 3615; x_wconf 86' lang='lat' dir='ltr'>ta&#39;nta</span> <span class='ocrx_word' id='word_1_357' title='bbox 682 3567 833 3629; x_wconf 89' lang='lat' dir='ltr'>reprimatur</span> <span class='ocrx_word' id='word_1_358' title='bbox 852 3566 989 3627; x_wconf 86' lang='lat' dir='ltr'>temeritas,</span> <span class='ocrx_word' id='word_1_359' title='bbox 1006 3566 1068 3616; x_wconf 91' lang='lat' dir='ltr'>fides</span> <span class='ocrx_word' id='word_1_360' title='bbox 1086 3568 1112 3615; x_wconf 93' lang='lat' dir='ltr'>in</span> <span class='ocrx_word' id='word_1_361' title='bbox 1129 3550 1244 3630; x_wconf 78' lang='lat' dir='ltr'>partibus</span> <span class='ocrx_word' id='word_1_362' title='bbox 1261 3566 1320 3626; x_wconf 87' lang='lat' dir='ltr'>illis,</span> <span class='ocrx_word' id='word_1_363' title='bbox 1338 3567 1429 3629; x_wconf 89' lang='lat' dir='ltr'>quibus</span> <span class='ocrx_word' id='word_1_364' title='bbox 1447 3566 1499 3615; x_wconf 90' lang='lat' dir='ltr'>iam</span> <span class='ocrx_word' id='word_1_365' title='bbox 1517 3567 1590 3631; x_wconf 92' lang='lat' dir='ltr'>peri-</span> 
     </span>
     <span class='ocr_line' id='line_1_37' title="bbox 398 3650 1593 3715; baseline 0.001 -15"><span class='ocrx_word' id='word_1_366' title='bbox 398 3651 481 3701; x_wconf 91' lang='lat' dir='ltr'>clitari</span> <span class='ocrx_word' id='word_1_367' title='bbox 513 3650 635 3710; x_wconf 86' lang='lat' dir='ltr'>noscitur,</span> <span class='ocrx_word' id='word_1_368' title='bbox 665 3652 788 3701; x_wconf 90' lang='lat' dir='ltr'>solidetur</span> <span class='ocrx_word' id='word_1_369' title='bbox 817 3651 946 3700; x_wconf 88' lang='lat' dir='ltr'>catholica</span> <span class='ocrx_word' id='word_1_370' title='bbox 971 3659 998 3700; x_wconf 92' lang='lat' dir='ltr'>et</span> <span class='ocrx_word' id='word_1_371' title='bbox 1023 3652 1193 3701; x_wconf 87' lang='lat' dir='ltr'>hereticorum</span> <span class='ocrx_word' id='word_1_372' title='bbox 1223 3658 1352 3715; x_wconf 85' lang='lat' dir='ltr'>prostrata</span> <span class='ocrx_word' id='word_1_373' title='bbox 1377 3651 1481 3700; x_wconf 89' lang='lat' dir='ltr'>malicia</span> <span class='ocrx_word' id='word_1_374' title='bbox 1498 3653 1593 3702; x_wconf 89' lang='lat' dir='ltr'>uotiua</span> 
     </span>
     <span class='ocr_line' id='line_1_38' title="bbox 399 3730 1593 3803; baseline 0.003 -19"><span class='ocrx_word' id='word_1_375' title='bbox 399 3737 521 3803; x_wconf 84' lang='lat' dir='ltr'>suscipiat</span> <span class='ocrx_word' id='word_1_376' title='bbox 538 3734 650 3785; x_wconf 79' lang='lat' dir='ltr'>fidelium</span> <span class='ocrx_word' id='word_1_377' title='bbox 672 3735 836 3788; x_wconf 86' lang='lat' dir='ltr'>incrementa.</span> <span class='ocrx_word' id='word_1_378' title='bbox 882 3734 988 3799; x_wconf 81' lang='lat' dir='ltr'>Vosque</span> <span class='ocrx_word' id='word_1_379' title='bbox 1018 3745 1134 3787; x_wconf 86' lang='lat' dir='ltr'>nostram</span> <span class='ocrx_word' id='word_1_380' title='bbox 1163 3743 1188 3784; x_wconf 89' lang='lat' dir='ltr'>et</span> <span class='ocrx_word' id='word_1_381' title='bbox 1217 3736 1357 3799; x_wconf 84' lang='lat' dir='ltr'>apostolice</span> <span class='ocrx_word' id='word_1_382' title='bbox 1386 3737 1458 3802; x_wconf 86' lang='lat' dir='ltr'>sedis¹</span> <span class='ocrx_word' id='word_1_383' title='bbox 1478 3730 1593 3799; x_wconf 84' lang='lat' dir='ltr'>gratiam</span> 
     </span>
     <span class='ocr_line' id='line_1_39' title="bbox 398 3814 1595 3885; baseline 0.002 -15"><span class='ocrx_word' id='word_1_384' title='bbox 398 3821 506 3871; x_wconf 82' lang='lat' dir='ltr'>ualeatis</span> <span class='ocrx_word' id='word_1_385' title='bbox 524 3821 625 3871; x_wconf 89' lang='lat' dir='ltr'>uberius</span> <span class='ocrx_word' id='word_1_386' title='bbox 642 3816 787 3885; x_wconf 86' lang='lat' dir='ltr'>prom&#39;ereri.</span> <span class='ocrx_word' id='word_1_387' title='bbox 834 3814 917 3885; x_wconf 87' lang='lat' dir='ltr'>Super</span> <span class='ocrx_word' id='word_1_388' title='bbox 945 3822 1064 3885; x_wconf 91' lang='lat' dir='ltr'>predictis</span> <span class='ocrx_word' id='word_1_389' title='bbox 1093 3827 1179 3869; x_wconf 90' lang='lat' dir='ltr'>eutem</span> <span class='ocrx_word' id='word_1_390' title='bbox 1208 3821 1306 3871; x_wconf 87' lang='lat' dir='ltr'>dilectis</span> <span class='ocrx_word' id='word_1_391' title='bbox 1331 3821 1391 3885; x_wconf 88' lang='lat' dir='ltr'>filijs</span> <span class='ocrx_word' id='word_1_392' title='bbox 1419 3821 1534 3884; x_wconf 80' lang='lat' dir='ltr'>Johauni</span> <span class='ocrx_word' id='word_1_393' title='bbox 1561 3823 1595 3872; x_wconf 88' lang='lat' dir='ltr'>de</span> 
     </span>
     <span class='ocr_line' id='line_1_40' title="bbox 398 3900 1596 3972; baseline 0 -15"><span class='ocrx_word' id='word_1_394' title='bbox 398 3906 495 3958; x_wconf 83' lang='lat' dir='ltr'>Serone</span> <span class='ocrx_word' id='word_1_395' title='bbox 511 3906 590 3972; x_wconf 87' lang='lat' dir='ltr'>priori</span> <span class='ocrx_word' id='word_1_396' title='bbox 609 3903 716 3955; x_wconf 84' lang='lat' dir='ltr'>fratrum</span> <span class='ocrx_word' id='word_1_397' title='bbox 735 3905 830 3956; x_wconf 90' lang='lat' dir='ltr'>ordinis</span> <span class='ocrx_word' id='word_1_398' title='bbox 849 3900 1036 3968; x_wconf 76' lang='lat' dir='ltr'>predicatorum</span> <span class='ocrx_word' id='word_1_399' title='bbox 1055 3907 1086 3955; x_wconf 93' lang='lat' dir='ltr'>de</span> <span class='ocrx_word' id='word_1_400' title='bbox 1103 3905 1210 3968; x_wconf 86' lang='lat' dir='ltr'>Figieco</span> <span class='ocrx_word' id='word_1_401' title='bbox 1228 3900 1255 3955; x_wconf 81' lang='lat' dir='ltr'>et</span> <span class='ocrx_word' id='word_1_402' title='bbox 1277 3906 1409 3956; x_wconf 88' lang='lat' dir='ltr'>Bernnrdo</span> <span class='ocrx_word' id='word_1_403' title='bbox 1436 3907 1467 3956; x_wconf 90' lang='lat' dir='ltr'>de</span> <span class='ocrx_word' id='word_1_404' title='bbox 1493 3907 1596 3958; x_wconf 89' lang='lat' dir='ltr'>Ortolis</span> 
     </span>
     <span class='ocr_line' id='line_1_41' title="bbox 399 3987 1598 4055; baseline 0.002 -13"><span class='ocrx_word' id='word_1_405' title='bbox 399 3987 491 4042; x_wconf 79' lang='lat' dir='ltr'>rectori</span> <span class='ocrx_word' id='word_1_406' title='bbox 510 3987 615 4041; x_wconf 89' lang='lat' dir='ltr'>ecclesie</span> <span class='ocrx_word' id='word_1_407' title='bbox 633 3989 816 4041; x_wconf 87' lang='lat' dir='ltr'>deNoualihus</span> <span class='ocrx_word' id='word_1_408' title='bbox 826 3987 989 4041; x_wconf 76' lang='lat' dir='ltr'>caturcensis</span> <span class='ocrx_word' id='word_1_409' title='bbox 1002 4003 1028 4040; x_wconf 89' lang='lat' dir='ltr'>et</span> <span class='ocrx_word' id='word_1_410' title='bbox 1044 3991 1187 4040; x_wconf 86' lang='lat' dir='ltr'>Eleetensis</span> <span class='ocrx_word' id='word_1_411' title='bbox 1206 3991 1345 4041; x_wconf 90' lang='lat' dir='ltr'>diocesium</span> <span class='ocrx_word' id='word_1_412' title='bbox 1360 3987 1598 4055; x_wconf 83' lang='lat' dir='ltr'>&#39;apostolice-sedis</span> 
     </span>
     <span class='ocr_line' id='line_1_42' title="bbox 399 4064 1599 4140; baseline 0.002 -13"><span class='ocrx_word' id='word_1_413' title='bbox 399 4075 499 4140; x_wconf 85' lang='lat' dir='ltr'>nuncijs</span> <span class='ocrx_word' id='word_1_414' title='bbox 518 4084 648 4125; x_wconf 88' lang='lat' dir='ltr'>eteorum</span> <span class='ocrx_word' id='word_1_415' title='bbox 666 4076 769 4126; x_wconf 86' lang='lat' dir='ltr'>cuilibet</span> <span class='ocrx_word' id='word_1_416' title='bbox 786 4075 932 4137; x_wconf 86' lang='lat' dir='ltr'>insolidum,</span> <span class='ocrx_word' id='word_1_417' title='bbox 951 4068 1015 4139; x_wconf 86' lang='lat' dir='ltr'>quos</span> <span class='ocrx_word' id='word_1_418' title='bbox 1033 4076 1065 4124; x_wconf 88' lang='lat' dir='ltr'>ad</span> <span class='ocrx_word' id='word_1_419' title='bbox 1083 4090 1130 4124; x_wconf 91' lang='lat' dir='ltr'>nos</span> <span class='ocrx_word' id='word_1_420' title='bbox 1152 4075 1275 4124; x_wconf 90' lang='lat' dir='ltr'>mittimus</span> <span class='ocrx_word' id='word_1_421' title='bbox 1300 4064 1412 4140; x_wconf 80' lang='lat' dir='ltr'>propter</span> <span class='ocrx_word' id='word_1_422' title='bbox 1428 4077 1488 4138; x_wconf 93' lang='lat' dir='ltr'>hoc,</span> <span class='ocrx_word' id='word_1_423' title='bbox 1507 4078 1599 4129; x_wconf 89' lang='lat' dir='ltr'>uelitis</span> 
     </span>
     <span class='ocr_line' id='line_1_43' title="bbox 399 4158 1599 4227; baseline 0.001 -15"><span class='ocrx_word' id='word_1_424' title='bbox 399 4163 531 4212; x_wconf 90' lang='lat' dir='ltr'>intendere</span> <span class='ocrx_word' id='word_1_425' title='bbox 548 4160 574 4209; x_wconf 87' lang='lat' dir='ltr'>et</span> <span class='ocrx_word' id='word_1_426' title='bbox 591 4160 666 4211; x_wconf 90' lang='lat' dir='ltr'>iidem</span> <span class='ocrx_word' id='word_1_427' title='bbox 683 4160 813 4211; x_wconf 88' lang='lat' dir='ltr'>indubiam</span> <span class='ocrx_word' id='word_1_428' title='bbox 830 4161 959 4210; x_wconf 88' lang='lat' dir='ltr'>adhibere.</span> <span class='ocrx_word' id='word_1_429' title='bbox 993 4161 1091 4210; x_wconf 88' lang='lat' dir='ltr'>Datum</span> <span class='ocrx_word' id='word_1_430' title='bbox 1108 4159 1239 4210; x_wconf 85' lang='lat' dir='ltr'>Aninioue</span> <span class='ocrx_word' id='word_1_431' title='bbox 1258 4159 1310 4223; x_wconf 82' lang='lat' dir='ltr'>iiij.</span> <span class='ocrx_word' id='word_1_432' title='bbox 1328 4158 1452 4211; x_wconf 87' lang='lat' dir='ltr'>kalendas</span> <span class='ocrx_word' id='word_1_433' title='bbox 1470 4161 1599 4227; x_wconf 88' lang='lat' dir='ltr'>Septem-</span> 
     </span>
     <span class='ocr_line' id='line_1_44' title="bbox 399 4245 942 4311; baseline -0.004 -14"><span class='ocrx_word' id='word_1_434' title='bbox 399 4246 453 4301; x_wconf 82' lang='lat' dir='ltr'>bris</span> <span class='ocrx_word' id='word_1_435' title='bbox 468 4245 632 4311; x_wconf 86' lang='lat' dir='ltr'>pontificatus</span> <span class='ocrx_word' id='word_1_436' title='bbox 650 4246 730 4296; x_wconf 90' lang='lat' dir='ltr'>nostri</span> <span class='ocrx_word' id='word_1_437' title='bbox 748 4260 817 4295; x_wconf 91' lang='lat' dir='ltr'>anno</span> <span class='ocrx_word' id='word_1_438' title='bbox 835 4246 942 4295; x_wconf 90' lang='lat' dir='ltr'>decimo.</span> 
     </span>
    </p>

    <p class='ocr_par' dir='ltr' id='par_1_5' title="bbox 467 4324 1473 4396">
     <span class='ocr_line' id='line_1_45' title="bbox 467 4324 1473 4396; baseline 0 -16"><span class='ocrx_word' id='word_1_439' title='bbox 467 4329 500 4380; x_wconf 83' lang='lat' dir='ltr'>In</span> <span class='ocrx_word' id='word_1_440' title='bbox 517 4328 614 4381; x_wconf 79' lang='lat' dir='ltr'>eundem</span> <span class='ocrx_word' id='word_1_441' title='bbox 630 4324 861 4396; x_wconf 84' lang='lat' dir='ltr'>modumepiscopo</span> <span class='ocrx_word' id='word_1_442' title='bbox 879 4330 1003 4392; x_wconf 87' lang='lat' dir='ltr'>Bergensi</span> <span class='ocrx_word' id='word_1_443' title='bbox 1021 4338 1046 4380; x_wconf 88' lang='lat' dir='ltr'>et</span> <span class='ocrx_word' id='word_1_444' title='bbox 1065 4331 1163 4380; x_wconf 88' lang='lat' dir='ltr'>dilectis</span> <span class='ocrx_word' id='word_1_445' title='bbox 1180 4329 1241 4393; x_wconf 90' lang='lat' dir='ltr'>filijs</span> <span class='ocrx_word' id='word_1_446' title='bbox 1258 4339 1301 4380; x_wconf 84' lang='lat' dir='ltr'>etc.</span> <span class='ocrx_word' id='word_1_447' title='bbox 1319 4339 1345 4379; x_wconf 83' lang='lat' dir='ltr'>ut</span> <span class='ocrx_word' id='word_1_448' title='bbox 1362 4347 1447 4396; x_wconf 84' lang='lat' dir='ltr'>supro.</span> <span class='ocrx_word' id='word_1_449' title='bbox 1467 4364 1473 4373; x_wconf 91' lang='lat'>-</span> 
     </span>
    </p>

    <p class='ocr_par' dir='ltr' id='par_1_6' title="bbox 400 4413 1603 4652">
     <span class='ocr_line' id='line_1_46' title="bbox 468 4413 1603 4481; baseline 0.003 -16"><span class='ocrx_word' id='word_1_450' title='bbox 468 4414 499 4465; x_wconf 86' lang='lat' dir='ltr'>In</span> <span class='ocrx_word' id='word_1_451' title='bbox 516 4413 614 4466; x_wconf 82' lang='lat' dir='ltr'>eundem</span> <span class='ocrx_word' id='word_1_452' title='bbox 630 4415 722 4466; x_wconf 85' lang='lat' dir='ltr'>modum</span> <span class='ocrx_word' id='word_1_453' title='bbox 739 4415 865 4480; x_wconf 91' lang='lat' dir='ltr'>episcopis</span> <span class='ocrx_word' id='word_1_454' title='bbox 878 4413 1072 4479; x_wconf 86' lang='lat' dir='ltr'>Stauangrensi,</span> <span class='ocrx_word' id='word_1_455' title='bbox 1082 4413 1603 4481; x_wconf 68' lang='lat' dir='ltr'>Hamareusi,Hasloeusi,*Harcadensi,</span> 
     </span>
     <span class='ocr_line' id='line_1_47' title="bbox 401 4498 1603 4568; baseline 0.002 -17"><span class='ocrx_word' id='word_1_456' title='bbox 401 4500 575 4559; x_wconf 82' lang='lat' dir='ltr'>Nellandeusi,</span> <span class='ocrx_word' id='word_1_457' title='bbox 594 4501 710 4562; x_wconf 82' lang='lat' dir='ltr'>Farensi,</span> <span class='ocrx_word' id='word_1_458' title='bbox 723 4499 943 4560; x_wconf 66' lang='lat' dir='ltr'>*Greneladiensi</span> <span class='ocrx_word' id='word_1_459' title='bbox 956 4498 1120 4562; x_wconf 64' lang='lat' dir='ltr'>*Sudorensi</span> <span class='ocrx_word' id='word_1_460' title='bbox 1131 4502 1226 4562; x_wconf 89' lang='lat' dir='ltr'>Olensi‚</span> <span class='ocrx_word' id='word_1_461' title='bbox 1236 4501 1390 4563; x_wconf 87' lang='lat' dir='ltr'>Sealotensi,</span> <span class='ocrx_word' id='word_1_462' title='bbox 1401 4501 1603 4568; x_wconf 88' lang='lat' dir='ltr'>archiepiscopo</span> 
     </span>
     <span class='ocr_line' id='line_1_48' title="bbox 400 4585 1603 4652; baseline 0 -16"><span class='ocrx_word' id='word_1_463' title='bbox 400 4585 539 4650; x_wconf 89' lang='lat' dir='ltr'>Upsaleusi</span> <span class='ocrx_word' id='word_1_464' title='bbox 557 4600 587 4635; x_wconf 88' lang='lat' dir='ltr'>ac</span> <span class='ocrx_word' id='word_1_465' title='bbox 605 4587 730 4652; x_wconf 90' lang='lat' dir='ltr'>episcopis</span> <span class='ocrx_word' id='word_1_466' title='bbox 752 4586 893 4644; x_wconf 84' lang='lat' dir='ltr'>Arosiensi,</span> <span class='ocrx_word' id='word_1_467' title='bbox 913 4585 1115 4649; x_wconf 88' lang='lat' dir='ltr'>Strangninensi,</span> <span class='ocrx_word' id='word_1_468' title='bbox 1133 4587 1297 4651; x_wconf 88' lang='lat' dir='ltr'>Lincopensi,</span> <span class='ocrx_word' id='word_1_469' title='bbox 1315 4585 1442 4646; x_wconf 79' lang='lat' dir='ltr'>scarensi,</span> <span class='ocrx_word' id='word_1_470' title='bbox 1460 4585 1603 4638; x_wconf 88' lang='lat' dir='ltr'>Haboeusi</span> 
     </span>
    </p>
   </div>
   <div class='ocr_carea' id='block_1_5' title="bbox 401 4671 1281 4805">
    <p class='ocr_par' dir='ltr' id='par_1_7' title="bbox 401 4671 1281 4805">
     <span class='ocr_line' id='line_1_49' title="bbox 401 4671 631 4722; baseline -0.013 0"><span class='ocrx_word' id='word_1_471' title='bbox 401 4679 427 4722; x_wconf 90' lang='lat' dir='ltr'>et</span> <span class='ocrx_word' id='word_1_472' title='bbox 443 4671 631 4722; x_wconf 86' lang='lat' dir='ltr'>Wexsionensi.</span> 
     </span>
     <span class='ocr_line' id='line_1_50' title="bbox 716 4754 1281 4805; baseline -0.002 -11"><span class='ocrx_word' id='word_1_473' title='bbox 716 4755 782 4805; x_wconf 64' lang='lat' dir='ltr'>[Arois.</span> <span class='ocrx_word' id='word_1_474' title='bbox 797 4755 839 4794; x_wconf 83' lang='lat' dir='ltr'>Vnt.</span> <span class='ocrx_word' id='word_1_475' title='bbox 854 4757 900 4802; x_wconf 82' lang='lat' dir='ltr'>lleg.</span> <span class='ocrx_word' id='word_1_476' title='bbox 915 4757 967 4795; x_wconf 88' lang='lat' dir='ltr'>Sccr.</span> <span class='ocrx_word' id='word_1_477' title='bbox 981 4756 1023 4793; x_wconf 85' lang='lat' dir='ltr'>luis.</span> <span class='ocrx_word' id='word_1_478' title='bbox 1039 4754 1153 4794; x_wconf 70' lang='lat' dir='ltr'>hilthuin.</span> <span class='ocrx_word' id='word_1_479' title='bbox 1171 4766 1200 4803; x_wconf 80' lang='lat' dir='ltr'>up.</span> <span class='ocrx_word' id='word_1_480' title='bbox 1214 4754 1281 4796; x_wconf 70' lang='lat' dir='ltr'>ulau).</span> 
     </span>
    </p>
   </div>
   <div class='ocr_carea' id='block_1_6' title="bbox 0 0 1807 5625">
    <p class='ocr_par' dir='ltr' id='par_1_8' title="bbox 0 0 1807 5625">
     <span class='ocr_line' id='line_1_51' title="bbox 0 0 1807 5625; baseline 0 0"><span class='ocrx_word' id='word_1_481' title='bbox 0 0 1807 5625; x_wconf 95' lang='lat' dir='ltr'> </span> 
     </span>
    </p>
   </div>
  </div>
 </body>
</html>
