3584 5625
827 471 917 530 43-

339 655 385 731 .iij.
407 657 492 715 vneie
514 677 580 716 eum
602 657 721 717 dimidie
742 656 813 732 eurj.

339 756 383 830 .vj.
407 757 491 815 solidi
515 758 570 833 iiij.
593 758 702 835 denorij
725 758 940 817 Turonensium
963 759 1074 834 argenti
1095 758 1171 834 regis
1194 757 1324 816 Frauoie.

338 860 424 917 meix.
444 859 516 917 libre
540 860 585 917 ix.
607 858 690 917 solidi
713 863 768 936 .vij.
791 858 899 934 denorij
922 858 1125 934 sterlingorum
1147 858 1268 934 argentj.

339 966 384 1016 ‚vl
421 960 463 1036 iijt
495 960 592 1036 xcviij.
625 965 741 1022 marche
773 963 818 1022 iii.
858 960 943 1022 vneie
981 958 1027 1016 iii.
1067 960 1161 1035 quarti
1201 979 1292 1035 perne
1330 970 1443 1019 monete

253 1061 408 1122 Norieene.

337 1233 489 1290 Debentur
511 1232 546 1290 de
569 1232 680 1291 decima
705 1258 739 1269 -·
765 1232 840 1291 .xeii.
862 1232 978 1290 marche
999 1229 1210 1306 sterlingorum.

254 1333 318 1404 liiii
340 1332 420 1391 lxxx.
445 1332 492 1409 vij.
515 1333 781 1410 merehe.vj.vucie
804 1326 876 1406 [eum
892 1324 1017 1405 demidio]
1040 1350 1130 1408 perue
1152 1330 1274 1406 pecunie
1285 1331 1442 1390 Norieene.

340 1436 413 1492 ltenr
436 1435 578 1493 debentur
601 1436 637 1493 de
659 1434 920 1511 condempnatione
942 1433 1071 1509 episcopi
1082 1431 1257 1492 Oreedeusis
1278 1452 1331 1509 per
1351 1434 1444 1492 arehi-

256 1536 424 1612 episcopum
447 1535 664 1595 Nidrosiensem
692 1562 725 1574 -
752 1555 828 1593 .xxv.
849 1535 967 1593 merehe
989 1534 1191 1610 sterlingorum
1212 1534 1332 1609 argenti.

339 1636 414 1694 Item
437 1637 522 1695 debet
544 1636 637 1712 dietus
659 1636 907 1713 Archiepiseopus
936 1637 972 1693 de
1002 1635 1121 1694 denario
1153 1635 1248 1693 beatri
1279 1636 1360 1694 Petri
1392 1656 1445 1713 per
1527 1615 1533 1633 l

257 1736 351 1812 ipsum
374 1747 492 1814 recepto
515 1738 550 1795 de
573 1738 743 1815 episcopatu
766 1738 927 1799 Oreadensi
950 1765 989 1777 -
1013 1757 1070 1796 ux.
1089 1736 1221 1794 marchas
1234 1736 1445 1811 sterlingorum.

337 1950 416 2025 [Item
437 1951 616 2032 recepimueP
638 1958 666 2016 in
687 1976 777 2035 regno
801 1957 914 2018 Sweeie
935 1959 970 2017 de
993 1958 1106 2016 decimo
1131 1955 1280 2014 sexenneli
1312 1956 1340 2014 in
1373 1956 1443 2016 oiui·

252 2057 360 2116 tatibus
391 2068 420 2116 et
453 2058 616 2144 diocesibus
637 2059 803 2136 Vpselensi.
832 2060 1031 2136 Stringinensi.
1052 2057 1236 2133 Linoopensi.
1257 2058 1444 2118 Vexionensi.

252 2159 405 2220 Scherensi
429 2169 457 2218 et
478 2160 638 2220 Arosiensi.

429 2260 478 2337 .vjt
499 2261 558 2338 xvj.
581 2283 669 2323 mere.
692 2264 730 2322 iii.
752 2283 816 2323 vno.
837 2282 903 2323 euru
926 2263 1044 2321 dimidie
1066 2261 1177 2338 urgenti
1204 2262 1242 2320 od
1271 2264 1384 2339 pondus
1406 2264 1442 2321 de

471 2364 634 2425 Stoeolmis.

428 2486 462 2523 .e.
474 2465 513 2523 lx.
526 2485 614 2524 more.
625 2466 654 2523 ii.
665 2485 729 2526 vno.
741 2486 807 2525 eum
820 2467 938 2525 dimidie
954 2466 1065 2544 argenti
1082 2466 1120 2523 ed
1136 2465 1250 2541 pondus
1267 2467 1302 2524 de
1318 2466 1443 2527 Soharis.

430 2567 475 2642 .vj.
498 2567 566 2651 flor.¹
584 2566 656 2643 euri.

428 2670 456 2730 .i.
478 2655 567 2728 more.
588 2669 616 2745 ij.
639 2670 735 2746 quarti
757 2669 794 2745 .ij.
816 2671 879 2729 den.
903 2669 974 2745 onrj.
996 2672 1034 2729 ed
1056 2670 1170 2747 pondus
1192 2671 1228 2728 de
1250 2668 1411 2730 Stoeolmis.

427 2873 570 2949 .xvj.'sol.
594 2874 703 2933 Turou.
726 2893 850 2951 grossor.
874 2876 987 2951 argenti
1008 2875 1085 2952 regie
1108 2875 1234 2933 Boemie.

427 2995 525 3034 xxxv.
547 2975 609 3033 libr.
632 2975 690 3035 xix
713 2975 764 3033 sol
785 2994 814 3032 v.
838 2955 902 3035 lien.
925 2977 1052 3053 sterling.
1075 2976 1194 3053 argentj.

426 3077 483 3153 ,iije
503 3077 567 3152 evij.
589 3096 676 3136 mere.
700 3077 746 3153 vij.
769 3097 834 3137 vno.
856 3078 894 3155 iij.
917 3079 982 3138 den.
1005 3099 1095 3156 paruo
1118 3088 1241 3137 monete.

333 3265 408 3323 Item
430 3267 466 3324 de
494 3264 634 3324 fructibus
666 3266 871 3324 beneficiorum
902 3266 1072 3324 vooencium
1107 3266 1144 3324 od
1171 3265 1324 3323 triennium
1349 3262 1441 3337 [reser-

249 3376 370 3424 uatorum
389 3369 418 3425 in
439 3361 524 3438 diotre]
549 3364 714 3425 ciuitatibus
737 3375 765 3423 et
787 3367 951 3434 diocesibus
973 3366 1162 3426 existeneium
1185 3360 1382 3442 [reeepemue]².

426 3469 454 3529 .i.
477 3488 566 3527 maro.
587 3467 644 3543 viij.
667 3469 731 3527 den.
753 3468 823 3544 uurj.
846 3469 882 3525 ad
906 3471 1019 3544 pondus
1041 3470 1077 3526 de
1099 3468 1224 3530 Scheris.

427 3590 507 3628 .xxx.
528 3589 617 3627 mere.
639 3571 657 3627 i.
678 3588 743 3627 vno.
767 3571 880 3645 argenti
902 3570 939 3628 od
961 3572 1074 3647 pondus
1096 3571 1132 3628 de
1155 3570 1279 3630 Soharis.

426 3672 467 3748 lje
488 3671 527 3730 lii.
550 3692 637 3730 moro.
658 3672 676 3730 i.
698 3691 763 3730 vno.
786 3672 898 3748 argenti
920 3672 957 3729 od
979 3673 1093 3748 pondus
1115 3672 1151 3729 de
1174 3670 1337 3732 Stoeolmis.

429 3781 469 3833 .νὲ
490 3774 529 3833 xl.
552 3794 641 3832 mare.
665 3774 713 3850 iiij.
737 3792 801 3833 vno.
823 3773 861 3831 iii.
884 3774 948 3831 den.
971 3792 1061 3851 perne
1084 3783 1206 3832 monete.

335 3961 413 4030 [Item
433 3955 621 4036 Ιῦεσερίτηιιε]3
643 3961 678 4018 de
702 3942 790 4019 censu
812 3961 860 4038 qui
885 3961 1020 4019 denarius
1046 3961 1123 4019 beati
1145 3961 1225 4036 Petrj
1258 3971 1443 4038 nuncupetur

251 4060 281 4118 in
303 4061 394 4120 einem
419 4063 584 4122 ciuitatibus
607 4073 635 4121 et
658 4063 827 4121 diocesibus.

429 4164 511 4222 mxii.
535 4184 621 4223 maro.
645 4165 756 4240 argenti
779 4165 816 4222 ed
839 4165 952 4240 pondus
975 4166 1009 4223 de
1032 4163 1196 4226 Stoeolmis.

429 4265 488 4341 .liij.
513 4267 564 4325 sol.
588 4266 637 4343 iiij.
661 4267 723 4324 den.
746 4266 949 4345 sterlingorum
972 4267 1091 4344 argentj.

429 4367 488 4444 .vijt
510 4367 609 4443 xxxvj.
632 4388 719 4427 mare.
742 4369 769 4427 ii.
790 4389 855 4428 vno.
877 4369 926 4445 vij
947 4370 1010 4428 den.
1034 4389 1125 4445 parue
1147 4379 1261 4428 monete
1282 4368 1402 4429 Sweeie.

335 4555 408 4636 Item
430 4555 465 4613 de
488 4548 616 4614 subsidio
639 4557 697 4612 dr’ro
719 4566 817 4615 nostro
839 4577 914 4634 pape
941 4557 1040 4615 oblato
1069 4577 1121 4632 per
1135 4610 1140 4621 ,
1154 4577 1291 4633 personas
1324 4555 1541 4615 ecclesi-men...

254 4656 360 4715 astices
382 4657 459 4715 dicte
481 4657 560 4732 regni
585 4657 705 4716 Swecie.

295 4833 303 4863 ¹
323 4837 410 4901 Ogsun
428 4841 497 4888 dette
517 4855 544 4890 er
560 4840 666 4891 skreret
683 4854 744 4890 over
760 4840 898 4904 Ruderiug.
933 4836 1072 4906 ²Ligesoo
1090 4843 1166 4892 (lette.
1203 4837 1341 4906 ³Ligesue
1364 4843 1441 4891 dette.
