3584 5625
854 478 912 537 156

293 674 319 715 tt
336 666 508 730 dispensando
527 662 652 714 cumillis
670 677 746 727 super
763 662 960 725 irregularitate,
977 664 999 713 si
1017 678 1093 727 qnam
1111 665 1147 713 sic
1165 662 1238 727 ligati
1264 677 1291 712 se
1317 662 1482 713 immiscendo

292 752 385 801 diuinis
404 749 496 813 officijs
514 755 705 809 contraxerunt,
723 748 837 797 iniuncto
856 748 892 797 eis
911 749 979 811 quod
997 749 1028 797 de
1045 748 1099 798 iure
1116 746 1193 797 inerit
1209 746 1401 810 iniungendum.
1426 745 1481 797 Vo-

217 822 222 831 ’
291 837 376 886 lumns
393 843 478 885 antem
497 835 563 899 qnod
582 841 626 884 tua
644 848 691 884 nos
710 831 828 895 frequens
846 832 933 882 littera
950 834 1049 894 doceat,
1066 833 1127 897 quid
1144 840 1170 882 et
1187 839 1310 896 quantum
1329 833 1361 881 de
1384 833 1482 882 decima

292 921 406 985 predicta
423 918 556 983 receperis,
574 926 600 967 et
618 918 726 982 qualiter
743 919 769 966 in
786 917 891 980 negotio
910 919 1071 980 procedatur.
1106 918 1203 970 Datum
1220 918 1289 981 apud
1300 916 1481 966 Montemflas-

293 1020 383 1055 eonem
401 1005 452 1054 lral.
471 1004 590 1055 Octobris
608 1003 771 1068 pontificatus
790 1003 869 1080 nostri
887 1018 955 1053 anno
972 1004 1092 1053 secundo.

390 1088 457 1132 (Areu.
473 1088 513 1126 vit.
532 1087 602 1135 negot
617 1088 688 1126 llrrtiu.
703 1087 734 1128 lv.
751 1098 781 1124 sn.
798 1087 819 1124 ll.
837 1098 866 1135 ep.
881 1084 912 1124 il.
941 1087 1006 1135 Ogtn
1019 1086 1068 1133 lieg.
1084 1088 1152 1126 licum.
1167 1087 1198 1126 lv.
1212 1096 1243 1124 ru.
1257 1086 1270 1125 l.
1286 1096 1317 1133 ep.
1330 1081 1384 1129 stit.

640 1314 688 1371 31.
736 1310 824 1370 1285.
878 1312 939 1369 lste
960 1310 1136 1370 November.

359 1428 490 1479 Honorius
508 1429 642 1493 episcopus
661 1444 681 1479 s.
701 1444 721 1477 s.
740 1429 788 1478 dei.
807 1428 901 1477 dilecto
918 1427 972 1476 filio
990 1426 1147 1491 Huguicioni
1165 1426 1275 1493 pleberio
1293 1426 1374 1491 plebis
1393 1427 1426 1477 de
1435 1424 1484 1477 (lu-

293 1515 410 1565 stellione
428 1512 534 1563 Aretine
552 1513 661 1564 diocesis
678 1513 813 1577 capellano
831 1518 920 1562 nostro
938 1512 1070 1562 collectori
1087 1512 1184 1562 decime
1201 1512 1227 1561 in
1244 1526 1323 1574 regno
1349 1510 1484 1575 Norvegie

294 1607 358 1649 terre
376 1606 465 1650 sancte
483 1600 613 1663 deputate.
632 1598 784 1648 salutemet
805 1598 975 1662 apostolicam
997 1597 1213 1648 benediccionem.
1261 1594 1387 1647 Gerontes
1414 1596 1484 1646 cordi

293 1684 429 1748 negocium
448 1691 513 1733 terre
531 1689 619 1733 sancte
636 1683 718 1733 multa
736 1683 864 1733 reddimur
881 1683 1027 1733 attentione
1044 1682 1148 1734 solliciti
1164 1690 1193 1730 vt
1207 1696 1266 1731 cum
1282 1695 1393 1746 persona
1410 1697 1485 1745 super

294 1769 456 1820 collectionis
473 1770 571 1820 decime
588 1768 668 1833 ipsius
686 1775 751 1817 terre
769 1768 936 1817 subueucioni
954 1782 1075 1818 concesse
1088 1766 1229 1817 ministerio
1241 1781 1258 1815 a
1268 1766 1330 1816 sede
1341 1766 1485 1830 apostolica

294 1855 416 1919 deputata
434 1851 610 1905 *subthraitur
626 1852 703 1903 aliam
721 1852 770 1902 sibi
794 1852 944 1916 quantocius
970 1854 1097 1916 ydoneam
1122 1866 1285 1915 surrogsmus
1313 1866 1347 1901 ne
1373 1852 1485 1917 predicte

295 1946 361 1989 terro
383 1939 519 2003 negocium
543 1938 629 1988 debita
654 1939 812 2001 prestatione
838 1938 944 2000 subsidij
975 1936 1136 2002 quantolibet
1161 1936 1333 1987 defraudetur.
1380 1938 1485 1988 Dudum

295 2024 419 2088 siquidem
437 2021 518 2073 felitis
536 2022 723 2073 recordacionis
743 2021 883 2087 Gregorius
901 2037 969 2086 papo
986 2022 1100 2072 decimus
1117 2022 1282 2085 predecessor
1304 2029 1395 2072 noster
1420 2023 1500 2072 bone'

239 2137 241 2141 v
295 2109 417 2159 memorie
435 2105 625 2159 Nidrosiensem
642 2107 862 2172 archiepiscopum
879 2109 912 2156 ad
930 2106 1103 2169 colligendum
1119 2106 1244 2157 decimam
1253 2105 1487 2157 ecclesiastieorum

297 2193 441 2244 reddituum
460 2202 485 2244 et
502 2202 671 2258 proventuum
689 2203 768 2257 qnam
788 2193 843 2257 ipse
868 2194 1032 2257 predecessor
1057 2191 1085 2240 in
1110 2192 1223 2252 predicte
1251 2199 1318 2242 terre
1342 2192 1485 2242 subsidium

295 2279 462 2343 Lugdunensi
479 2277 635 2343 approbante
653 2278 762 2329 concilio
780 2279 889 2327 duxerat
906 2278 1095 2327 concedendum
1111 2277 1137 2326 iu
1154 2292 1234 2340 regno
1251 2276 1389 2339 Norwegie
1407 2279 1485 2343 depu-

297 2366 371 2415 tauit.
406 2365 479 2415 Dans
497 2364 579 2414 eidem
598 2364 790 2428 archiepiscopo
808 2379 853 2427 per
869 2364 968 2413 litteras
986 2362 1141 2427 apostolicas
1157 2362 1185 2412 in
1198 2364 1326 2414 mandatis
1334 2372 1364 2413 rt
1372 2366 1485 2429 predicte

297 2449 394 2499 decime
412 2450 556 2513 colligendo
573 2450 599 2498 in
616 2448 731 2513 predicto
749 2464 829 2512 regno
848 2448 959 2499 sollicite
976 2463 1063 2498 turem
1081 2463 1172 2512 gerens
1189 2449 1227 2498 iu·
1242 2449 1350 2512 singulis
1376 2449 1486 2502 ciuitati

297 2534 344 2584 bus
363 2541 389 2583 et
405 2534 550 2584 dictoribus
568 2534 629 2584 dicti
646 2534 719 2596 regni
736 2534 767 2582 de
785 2532 892 2583 consilio
910 2533 1024 2582 lotorum
1042 2533 1161 2596 ordinarij
1181 2535 1486 2598 auteinsvicesgerentis

298 2618 320 2668 si
338 2620 488 2669 diocesunns
506 2620 560 2683 ipse
579 2620 671 2670 absens
689 2620 813 2668 existeret
830 2624 857 2667 et
874 2619 983 2668 dnornm
1004 2618 1054 2668 fide
1072 2619 1208 2683 dignorum
1225 2621 1256 2669 de
1273 2619 1383 2669 ecclesia
1400 2620 1486 2669 cathe-

298 2703 575 2754 draliconstitntorum
594 2704 804 2767 indignitatibus
823 2718 867 2752 scu
885 2703 993 2753 aliorum
1016 2718 1067 2767 qno
1093 2705 1127 2753 ed
1153 2719 1206 2754 non
1231 2712 1346 2754 exemtos
1376 2720 1429 2768 qno
1454 2706 1485 2753 ad

298 2795 414 2839 exemtos
432 2804 492 2840 vero
511 2792 542 2841 de
560 2789 666 2841 consilio
685 2788 828 2852 aliquorum
845 2787 982 2852 proborum
1001 2789 1032 2838 de
1049 2795 1180 2839 contracta
1198 2789 1332 2854 deputaret
1350 2788 1414 2838 duas
1432 2803 1486 2854 per-

272 2940 274 2945 ·
299 2888 375 2924 sonas
392 2874 442 2925 fide
459 2873 624 2927 facultatibus
650 2874 671 2924 si
698 2875 763 2924 tales
789 2875 962 2924 inuenirentur
988 2875 1120 2924 commode
1146 2881 1192 2924 aut
1217 2875 1281 2925 alias
1309 2876 1425 2938 ydoneos
1455 2875 1487 2925 ed

299 2959 462 3010 collectionis
480 2960 624 3010 huiusmodi
642 2960 808 3010 ministerium
827 2959 1012 3022 exequendum.
1052 2957 1210 3009 Collectores
1227 2973 1287 3009 vero
1305 2974 1369 3022 qnos
1387 2960 1421 3009 ad
1439 2961 1487 3010 hot

300 3051 328 3093 ut
345 3045 501 3108 premittitur
518 3045 651 3108 deputaret
668 3044 751 3094 iurare
777 3041 874 3092 iaceret
900 3044 967 3105 quod
995 3043 1119 3093 decimam
1147 3045 1260 3093 omnium
1288 3044 1434 3093 reddituum
1463 3051 1488 3093 et

298 3136 467 3194 prouentnnm
485 3120 717 3180 ecclesiasticorum
735 3128 767 3178 ab
786 3128 904 3177 omnibus
921 3127 1036 3191 personis
1054 3128 1235 3179 ecclesiasticis
1252 3128 1360 3178 exemtis
1384 3135 1411 3178 tt
1437 3143 1489 3179 uon

299 3215 424 3277 exemptis
441 3214 467 3262 in
485 3213 560 3263 dictis
578 3213 692 3276 partibus
710 3213 855 3262 constitutis
873 3227 919 3276 pro
937 3212 1051 3262 subsidio
1070 3220 1134 3262 terre
1153 3219 1241 3262 sancte
1261 3227 1410 3265 concessam
1427 3214 1488 3264 fide·

299 3297 356 3348 liter
372 3284 673 3362 exigerent'oolligerent
690 3299 830 3363 reciperent
847 3306 873 3347 et
890 3297 968 3347 etiam
984 3298 1142 3348 custodirent
1159 3312 1210 3348 uon
1232 3296 1370 3348 deferendo
1394 3297 1421 3347 in
1449 3297 1488 3347 his

300 3383 377 3434 alicui
395 3398 503 3448 persone
520 3383 692 3446 cuiuscunque
719 3384 813 3433 ordinis
840 3390 921 3434 status
950 3382 1107 3433 condicionis
1133 3389 1178 3433 aut
1207 3383 1338 3447 dignitatis
1367 3383 1490 3432 existeret

300 3483 374 3532 prece
392 3468 482 3519 timore
500 3468 587 3530 gracia
604 3467 647 3516 uel
663 3466 752 3518 fanore
770 3468 813 3519 nel
830 3467 881 3517 alia
899 3481 1049 3532 quacunque
1068 3469 1099 3518 de
1116 3483 1195 3517 cansa
1210 3474 1237 3518 et
1260 3468 1367 3518 eandem
1390 3468 1488 3531 integre

300 3551 432 3601 restitmre
449 3559 622 3617 procurarent.
641 3560 667 3603 et
684 3568 760 3618 super
777 3551 906 3617 premissis
924 3551 1040 3602 omnibus
1058 3560 1084 3602 et
1101 3553 1211 3617 singulis·
1225 3554 1328 3616 plenam
1345 3559 1372 3601 et
1388 3552 1489 3603 fidelem

300 3637 427 3687 racionem
446 3639 560 3702 predicto
577 3639 711 3688 redderent
728 3638 859 3689 collectori
876 3644 903 3687 et
920 3637 942 3686 si
958 3638 1042 3702 ipsum
1059 3639 1218 3702 contingeret
1234 3636 1347 3688 officium
1364 3638 1435 3701 quod
1463 3637 1489 3686 in

300 3724 428 3785 premissis
446 3733 546 3787 gereret
563 3724 691 3774 dimittere
707 3725 755 3773 hec
772 3719 867 3772 eadem
883 3720 998 3772 facerent
1023 3724 1097 3772 iuxta
1122 3725 1271 3773 mandatum
1300 3722 1370 3772 illins
1395 3722 1439 3786 qui
1464 3723 1489 3772 in

301 3806 376 3856 huius
394 3805 480 3858 officio
506 3798 702 3858 substitueretur
724 3808 814 3857 eidem.
861 3806 998 3857 Commisit
1025 3822 1125 3870 qnoque
1152 3808 1233 3856 tidem
1250 3809 1444 3872 archiepiscopo
1463 3816 1491 3858 nt

301 3905 407 3955 regnum
437 3892 555 3944 circuiret
580 3893 721 3958 predictum
748 3893 898 3956 diligencius
923 3898 1082 3941 scrutaturus
1109 3892 1218 3954 qualiter
1243 3894 1269 3941 in
1287 3893 1425 3943 commisso
1443 3892 1490 3942 sibi

301 3976 368 4026 dicte
386 3977 550 4029 collectionis
568 3977 655 4028 osiicio
672 3977 750 4039 ijdem
768 3993 795 4028 se
813 3977 962 4028 collectores
980 3977 1103 4027 haberent
1119 3977 1228 4040 qualiter
1252 3977 1301 4040 ipsi
1330 3977 1362 4026 de
1392 3977 1491 4028 decima

298 4060 480 4132 ‘satisfacerent
497 4063 644 4128 supradicta
662 4063 845 4127 collectamque
863 4077 909 4127 per
921 4063 983 4112 illos
995 4077 1028 4111 ex
1044 4062 1142 4111 decima
1159 4063 1216 4124 ipsa
1233 4062 1367 4128 pecuniam
1385 4064 1418 4112 de
1435 4077 1491 4126 pre·

302 4146 427 4196 dictorum
446 4148 565 4213 ordinarij
586 4156 611 4198 et
628 4148 737 4199 aliorum
754 4148 862 4199 consilio
881 4147 977 4197 iaceret
993 4162 1039 4211 per
1061 4147 1212 4197 collectores
1241 4147 1346 4197 eosdem
1375 4147 1402 4196 in
1430 4147 1491 4211 tutis

301 4230 366 4280 locis
384 4232 427 4281 uel
443 4232 501 4284 loco
520 4234 613 4298 deponi
632 4234 678 4282 sibi
696 4233 777 4282 eciam
794 4248 852 4282 cnm
871 4231 979 4282 consilio
997 4230 1117 4293 ordinarij
1137 4239 1163 4281 et
1181 4232 1424 4282 aliorumvmutsndi
1438 4233 1492 4284 coi·

301 4289 419 4389 lectores
428 4317 497 4382 ipsos
516 4318 635 4383 quociens
653 4318 774 4381 expedire
800 4318 899 4368 videret
927 4332 958 4366 ac
986 4317 1051 4366 alias
1080 4317 1249 4381 compellendi
1270 4317 1308 4373 ,ad
1333 4318 1493 4369 reddendum

295 4416 389 4475 'coram
406 4404 502 4454 eisdem
521 4404 656 4454 ordinariis
674 4403 721 4454 sibi
739 4411 887 4469 computum
906 4404 936 4451 de
953 4401 1068 4452 collectis
1085 4409 1111 4450 et
1136 4403 1337 4452 contradictores
1363 4404 1495 4466 quoslibet

301 4497 497 4552 percensuram
515 4490 714 4541 ecclesiasticam
732 4489 884 4538 anctoritate
902 4487 1043 4552 apostolica
1060 4488 1238 4552 compescendi
1250 4487 1353 4550 plenum
1365 4489 1495 4539 concessit

236 4601 240 4606 ·
280 4573 455 4638 'auctoritate
481 4574 557 4625 simili
586 4554 747 4640 potestatem.
794 4572 890 4622 Verum
909 4573 970 4644 litet
986 4572 1099 4637 predicte
1116 4572 1279 4628 collectionis
1296 4572 1432 4634 nogotium
1449 4589 1496 4638 per

302 4657 398 4706 dictum
415 4659 635 4725 archiepiscopum
654 4659 713 4709 dnm
731 4658 828 4708 sineret
845 4656 923 4707 fuerit
936 4658 1085 4707 inchoatum
1096 4656 1187 4705 eodem
1199 4665 1284 4706 tamen
1296 4656 1495 4722 archiepiscopo

302 4740 405 4792 sublato
423 4742 556 4795 demedio
574 4742 697 4794 collectio
715 4742 811 4793 decime
829 4745 856 4799 iu
874 4749 1021 4797 memorato⁴
1034 4755 1112 4803 regno
1130 4741 1284 4804 aliquamdiv
1301 4747 1341 4790 est
1364 4741 1498 4804 neglecta,

302 4825 357 4875 Nos
376 4834 460 4877 antem
478 4829 577 4878 ardenti
594 4826 718 4878 desiderio
736 4828 885 4878 hanelautes
904 4828 972 4890 qnod
991 4826 1125 4888 negocium
1142 4825 1221 4890 ipsius
1247 4825 1343 4875 decime
1369 4839 1496 4890 processu
