3584 5625
863 469 922 529 143

297 672 353 715 ros,
370 654 528 707 monasteria
547 662 679 717 ceteraque
699 652 756 703 loca
780 658 806 702 et
831 652 900 701 bona
926 651 1039 702 ciusdem
1066 653 1169 715 ordinis,
1195 667 1225 703 ac
1248 653 1332 717 ipsum
1361 653 1483 733 ordinem,

297 741 330 792 ab
348 754 425 790 onere
443 739 580 789 cuiuslibet
597 740 726 804 repentine
744 754 774 787 ac
792 736 992 788 extraordinarie
1018 738 1115 786 decime
1140 752 1185 786 seu
1212 738 1315 787 alterius
1342 737 1484 787 exactionis

297 826 443 886 eximimus,
460 824 597 875 districtius
615 824 766 884 inhibentes,
784 822 854 871 vobis
872 821 980 870 dictisue
998 822 1166 882 monasteriis,
1183 822 1247 872 locis
1273 830 1318 872 eut
1342 822 1424 882 bonis,
1442 823 1484 872 de·

297 917 383 961 cetero
401 910 547 961 huiusmodi
565 910 690 959 decimam
702 916 728 957 et
742 906 912 967 exactionem,
922 920 1081 970 quocumque
1092 908 1194 956 nomine
1206 914 1366 967 censeantur,
1379 908 1481 972 imponi.

297 1001 343 1044 aut
359 994 519 1059 imponendis
538 996 564 1043 in
580 1001 719 1057 posterum.
738 999 961 1056 quantumcunque
978 991 1137 1054 generaliter.
1158 992 1204 1041 sub
1223 994 1312 1055 queuis
1335 992 1419 1042 forma
1444 992 1486 1042 uel

296 1080 460 1143 expressione
478 1079 621 1139 verborum,
639 1093 655 1127 a
672 1077 744 1127 uobis
762 1076 839 1140 exigi,
857 1076 898 1124 vel
914 1090 961 1126 uos
979 1091 1055 1140 super
1079 1076 1130 1126 illis
1158 1076 1317 1139 aliquatenus
1346 1078 1484 1127 molestari.

296 1165 460 1215 decernentes
479 1178 581 1214 exnunc
599 1178 701 1213 omnem
718 1159 874 1211 sentenciam
892 1159 1074 1225 suspensionis,
1092 1161 1220 1211 interdicti
1238 1176 1283 1211 seu
1312 1162 1485 1212 excommuni-

296 1248 407 1298 cacionis
426 1250 451 1298 in
469 1264 521 1309 vos,
539 1248 702 1306 monasteria,
729 1246 794 1295 loca.
822 1245 861 1293 vel
886 1245 954 1294 bona
980 1245 1095 1308 predicta
1120 1254 1224 1312 propter
1250 1246 1299 1294 hoc
1328 1261 1485 1310 quacumque

296 1333 448 1383 auctoritate
465 1333 553 1393 latam,
570 1332 668 1382 irritam
686 1338 712 1380 et
728 1332 837 1379 inanem.
857 1343 887 1379 ac
907 1329 999 1378 uiribus
1018 1329 1121 1380 omniuo
1139 1345 1233 1380 carere.
1268 1329 1339 1380 Nulli
1356 1345 1418 1395 ergo
1436 1339 1484 1381 etc.

295 1425 382 1467 nostre
400 1418 581 1483 exemptionis,
610 1416 770 1466 inbibicionis
799 1423 824 1463 et
853 1412 1042 1463 constitutionis
1073 1422 1120 1465 etc.
1167 1415 1265 1465 Datum
1292 1415 1411 1479 Lugduni
1440 1430 1486 1478 per

296 1516 400 1551 uranum
423 1501 538 1566 magistri
566 1499 717 1563 Lauirancj,
743 1499 915 1550 archidiaconi
940 1500 1100 1561 Pergameni,
1127 1507 1215 1547 sancte
1240 1499 1355 1549 Romane
1380 1500 1485 1549 ecclesie

296 1585 497 1649 vicecancellarii
538 1587 611 1636 nouis
643 1585 738 1650 Aprilis
774 1584 920 1633 indictione.
956 1582 996 1646 iij·⁸
1024 1583 1211 1633 incarnacionis
1248 1584 1373 1633 dominice
1408 1599 1484 1635 anno.

297 1682 346 1732 .m⁰,
368 1682 410 1731 cce
431 1671 510 1731 lxxvo,
530 1671 694 1735 pontificatus
713 1684 772 1719 vero
785 1667 880 1718 domini
893 1666 1011 1732 Gregorij
1031 1683 1097 1733 papa
1115 1667 1214 1730 decimj.
1233 1682 1300 1717 anno
1319 1675 1418 1731 quarte.

298 1754 358 1797 (unu
372 1754 448 1794 vluna
460 1755 482 1793 al
494 1752 543 1792 1272
556 1759 578 1793 tr.
592 1754 598 1791 i
611 1754 659 1802 ilipl.
674 1753 704 1791 ὃν.
719 1754 754 1792 llo.
768 1753 812 1792 591.
845 1750 971 1791 hedddelsen
994 1752 1058 1789 harant
1082 1753 1102 1789 til
1124 1751 1265 1790 Colleetorerne
1285 1751 1306 1789 al
1327 1752 1368 1791 iste
1389 1753 1440 1801 April
1465 1763 1486 1790 er

719 1805 769 1853 tryht
782 1802 907 1841 ssmnestedr
921 1814 961 1841 som
975 1802 1007 1841 llo.
1023 1801 1065 1840 590.

665 2012 693 2072 4.
740 2012 830 2069 1276.
874 2010 931 2068 4de
953 2011 1123 2069 December.

378 2128 510 2179 Johauuas
536 2129 614 2193 episc,
638 2143 657 2178 s.
684 2143 703 2177 s.
731 2128 755 2176 d.
782 2126 919 2177 venerabili
945 2125 1016 2174 fratri
1045 2162 1051 2175 .
1079 2162 1084 2174 .
1112 2126 1304 2191 archiepiscope
1329 2124 1487 2176 Nidrosiensi

299 2212 419 2263 salutet
446 2213 555 2277 apostol.
582 2212 707 2262 benedict.
753 2211 809 2261 Tua
837 2211 911 2260 nobis
937 2208 1082 2261 fraternitas
1108 2212 1235 2261 iutimauit
1261 2213 1329 2276 quod
1357 2226 1422 2279 eum¹
1440 2213 1486 2261 tibi

300 2298 425 2365 collectio,
446 2299 541 2347 decime
569 2303 634 2346 terre
663 2304 751 2347 sancte
780 2298 806 2346 in
835 2310 915 2359 regno
943 2294 1079 2359 Norwagie
1106 2310 1151 2359 per
1171 2296 1269 2346 litteras
1301 2296 1413 2360 apostoli
1442 2310 1486 2347 cas

299 2384 331 2433 sit
359 2380 543 2433 ⁴*commissum
569 2390 595 2432 et
620 2384 647 2433 in
674 2382 764 2431 litteris
791 2382 851 2445 ipsis
877 2380 1040 2429 contineatur
1067 2395 1186 2444 expresse
1221 2391 1251 2433 ut
1279 2395 1366 2431 omnes
1401 2387 1487 2444 partes

299 2467 412 2517 eiusdem
429 2468 502 2531 regni
520 2467 612 2516 debeas
630 2473 735 2530 propter
752 2467 800 2515 hoc
818 2464 988 2531 personaliter
1005 2464 1118 2525 uisitare,
1141 2466 1216 2529 idque
1234 2466 1422 2529 quodammodo
1440 2466 1488 2515 im-

299 2550 419 2615 possibile
437 2552 554 2600 uideatur
571 2566 629 2599 cunr
647 2548 784 2601 Gardensis
803 2549 911 2599 diocesis
930 2564 977 2612 que
996 2550 1027 2598 de
1045 2557 1089 2599 tua
1106 2551 1238 2614 prouincia
1255 2561 1281 2603 et
1298 2569 1377 2619 regno
1401 2556 1488 2605 existit

300 2637 390 2686 eodem
407 2652 424 2686 a
440 2636 639 2700 metropolitana
658 2635 764 2685 ecclesia
781 2635 846 2683 adeo
870 2632 903 2683 sit
932 2642 1029 2683 remota
1058 2635 1126 2697 quod
1155 2635 1186 2684 de
1212 2636 1269 2699 ipsa
1292 2640 1401 2690 eeclesia
1426 2641 1487 2691 illuc

299 2727 405 2786 propter
421 2722 498 2770 maris
517 2720 697 2784 impedimenta
715 2720 760 2769 uix
777 2718 843 2769 infra
861 2719 1057 2783 quinquennium
1075 2719 1111 2768 ire
1129 2720 1184 2783 quis
1202 2722 1289 2773 ualeat
1312 2732 1339 2774 et
1355 2727 1437 2798 redire
1455 2728 1488 2777 ad

301 2805 433 2857 eeclesiam
451 2806 631 2870 supradictam,
649 2821 679 2855 ac
697 2805 755 2855 ideo
773 2805 872 2854 dubites
890 2805 959 2869 quod
976 2806 1059 2854 adhuc
1083 2803 1149 2855 inira
1173 2807 1292 2872 temporis
1319 2814 1429 2876 spatium
1455 2814 1488 2862 ad

300 2889 456 2940 solutionem
473 2892 551 2954 ipsius
570 2891 666 2940 decime
685 2891 823 2951 constituti,
841 2890 1012 2953 apostolicum
1030 2889 1083 2939 siue
1101 2897 1173 2939 tnurn
1191 2893 1224 2941 ad
1249 2901 1334 2957 partes
1361 2896 1417 2947 illas
1436 2913 1488 2947 uon

300 2976 386 3026 ualeat
403 2977 535 3041 peruenire
553 2977 707 3034 mandatum,
725 2975 861 3039 postulasti
880 2989 956 3039 super
973 2975 1022 3024 hoc
1040 2989 1085 3038 per
1101 2977 1243 3040 apostolice
1261 2980 1327 3029 sedis
1353 2981 1488 3045 prouiden-

301 3061 362 3111 tiam
381 3061 520 3110 remedium
542 3060 663 3109 adhiberi.
711 3059 849 3125 Cupientes
867 3061 945 3124 igitur
963 3067 990 3108 ut
1008 3059 1155 3109 collectioni
1173 3062 1286 3112 eiusdem
1304 3066 1400 3114 decime
1418 3065 1489 3115 solli·

301 3145 357 3195 citis
376 3144 467 3208 studijs
485 3145 632 3194 intendatur
649 3145 764 3194 volumus
784 3154 809 3195 et
827 3144 979 3196 fraternitati
998 3152 1039 3194 tue
1058 3160 1102 3209 per
1120 3148 1262 3209 apostolica
1281 3149 1376 3214 scripta
1384 3151 1490 3219 manda·

302 3244 357 3279 mus
375 3237 499 3293 quatenus
518 3231 539 3279 si
556 3229 679 3295 premissa
696 3230 790 3279 ueritas
808 3231 950 3289 comitetur,
968 3230 1065 3294 aliquas
1083 3245 1205 3295 personas
1222 3234 1335 3297 ydoneos
1354 3246 1380 3284 et
1401 3236 1489 3284 fideles

302 3328 378 3380 super
396 3314 486 3378 quibus
504 3322 574 3364 tuam
592 3314 744 3364 intendimus
762 3315 944 3365 conscientiam
971 3330 1077 3364 onerare
1103 3316 1136 3364 ad
1165 3323 1248 3379 partes
1278 3318 1336 3368 illas
1363 3321 1489 3384 destinare

302 3413 430 3464 procures,
448 3414 496 3463 qne
514 3400 545 3448 ad
565 3399 744 3448 executionem
761 3399 920 3448 collectionis
939 3400 1050 3448 eiusdem
1069 3400 1203 3463 diligenter
1221 3402 1355 3465 inuigilent
1372 3413 1397 3454 et
1408 3407 1489 3455 inteu-

304 3486 373 3534 daut.
392 3485 505 3547 aliasque
532 3499 607 3547 super
632 3484 682 3533 hoc
708 3484 842 3547 prouidere
869 3484 981 3543 studeas,
1011 3491 1087 3546 prout
1113 3486 1224 3536 utilitate
1250 3487 1363 3537 eiusdem
1393 3489 1489 3539 decime

303 3570 397 3619 uideris
416 3569 543 3633 expedire.
562 3568 740 3617 nichilominus
758 3569 790 3617 ad
809 3568 986 3619 collectionem
1005 3569 1149 3618 huiusmodi
1168 3580 1255 3634 perte
1273 3574 1356 3636 ipsum
1383 3588 1490 3638 operose

304 3654 479 3704 sollicitudinis
498 3655 609 3703 studium
627 3654 793 3716 impensurus.
840 3652 886 3703 «lta
912 3655 981 3716 quod
1006 3654 1111 3718 proinde
1137 3654 1182 3703 tibi
1207 3670 1222 3703 a
1245 3656 1348 3707 domino
1367 3658 1490 3722 premium

303 3752 444 3802 compares,
463 3744 490 3787 et
506 3739 573 3788 sedis
591 3737 733 3801 apostolice
760 3738 868 3800 gratiam
893 3738 996 3788 uberius
1022 3739 1149 3789 merearis.
1191 3739 1290 3790 Datum
1315 3742 1424 3806 Viterbij
1454 3742 1489 3807 ij.

304 3837 383 3874 nouas
401 3823 549 3874 Decembris
567 3823 730 3886 pontificatus
749 3824 829 3872 nostri
848 3837 915 3872 anno
932 3822 1023 3887 primo.

641 3905 710 3951 (Arcb.
724 3907 767 3947 vat.
783 3907 828 3953 aeg.
843 3907 911 3945 lehun.
926 3907 976 3946 lllll.
991 3915 1023 3946 an.
1039 3906 1054 3946 Ι.
1070 3917 1099 3955 ap.
1113 3902 1153 3952 st).

669 4079 697 4136 5.
746 4080 834 4138 1276.
878 4079 935 4137 4de
956 4079 1135 4139 December.'

372 4195 506 4245 Johauuas
525 4195 601 4259 episc.
621 4210 686 4244 seru.
715 4209 811 4244 seruor.
843 4197 890 4245 dci.
918 4196 1034 4244 venerab.
1064 4194 1136 4245 fratri
1165 4232 1172 4244 .
1202 4232 1207 4246 .
1236 4197 1429 4263 archiepiscope
1446 4196 1491 4247 Ni-

305 4280 426 4329 drosiensi
445 4281 555 4330 salutem
572 4289 598 4329 et
614 4280 724 4344 apostol.
744 4280 867 4329 benedict.
911 4279 966 4328 Tua
984 4280 1057 4330 nobis
1077 4276 1129 4340 [etc.
1148 4275 1233 4345 usque]
1261 4282 1287 4331 iu
1316 4297 1395 4346 regno
1424 4283 1491 4333 Nor·

306 4366 383 4428 uegie
401 4365 434 4415 sit
451 4364 589 4415 commissa
606 4380 650 4429 per
667 4366 733 4414 sedis
752 4365 892 4428 apostolice
910 4365 1008 4414 litteras
1026 4367 1157 4430 speciales,
1177 4375 1203 4416 et
1219 4366 1246 4415 iu
1268 4367 1304 4416 eis
1329 4370 1492 4419 contineatur

306 4463 433 4514 expresse,
452 4459 480 4498 ut
497 4464 585 4499 omnes
603 4450 716 4500 eiusdem
734 4450 804 4513 regni
822 4459 908 4513 partes
926 4451 1017 4500 debeas
1036 4459 1140 4515 propter
1161 4452 1212 4500 hoc
1238 4453 1406 4515 personaliter
1433 4453 1492 4503 uisi·

307 4540 367 4596 tare,
385 4549 415 4584 ac
433 4533 518 4599 plures
536 4534 650 4585 dioceses
668 4537 693 4584 in
717 4550 797 4599 regno
821 4536 876 4600 ipso
903 4544 996 4599 tuaque
1022 4537 1154 4601 prouincia
1180 4537 1317 4586 constitute
1344 4553 1390 4602 per
1414 4539 1491 4588 maris

308 4619 389 4682 spatia
407 4620 471 4668 adeo
490 4620 540 4668 sint
558 4620 677 4684 disperse,
694 4635 725 4669 ac
742 4621 809 4669 intra
837 4635 899 4670 suos
923 4621 1017 4670 limites
1044 4623 1149 4681 dilitate,
1176 4622 1244 4685 quod
1270 4620 1322 4671 iere
1350 4623 1417 4675 infra
1445 4637 1492 4673 sex

307 4717 394 4764 annos,
413 4709 438 4752 et
455 4703 550 4767 absque
568 4704 719 4766 grauissimo
738 4705 844 4754 ecclesie
862 4715 905 4754 tue
935 4706 1067 4767 dispendio
1096 4714 1182 4771 partes
1207 4721 1296 4756 omues
1321 4709 1492 4771 predictarum

307 4784 474 4850 personaliter
491 4789 594 4838 uisitare
612 4789 750 4839 diocesium
768 4788 870 4840 difficile
888 4790 934 4839 tibi
951 4789 1025 4840 foret.
1044 4806 1102 4842 cunr
1120 4806 1174 4840 uon
1190 4805 1321 4855 nunquam
1340 4808 1385 4858 per
1408 4793 1490 4842 dietas
