3584 5625
812 496 869 555 115

250 673 320 762 quia
340 702 431 744 naues
454 693 536 742 erant
557 685 634 743 circe
656 692 806 760 capturam
829 682 941 740 alecum
963 691 1105 758 occupata
1124 682 1198 741 solui
1218 701 1271 759 pro
1289 681 1376 741 naulo
1393 709 1434 720 -
1506 677 1509 683 ’

250 785 287 861 .ij.
309 785 360 845 sol.
383 804 449 844 oum
472 784 590 842 dimidio
611 804 701 861 gross.
727 783 949 842 Turonensium.

333 888 404 946 Item
428 886 485 963 ‚vjlt
500 886 545 946 die
567 886 701 947 Octobris
725 886 801 945 exiui
825 885 971 945 ciuitatem
993 885 1211 945 Roslrildeusem
1227 887 1432 946 adnotandum

249 988 327 1045 bona
348 988 415 1047 dicti
448 988 593 1065 Propositi
623 1008 675 1066 pro
709 1006 767 1063 quo
799 986 894 1045 nullus
928 986 1045 1044 uolebat
1077 986 1170 1046 lucere
1204 990 1372 1048 caucionem
1405 999 1434 1049 at

248 1088 346 1147 inueni
368 1090 566 1149 Theotonicos
588 1108 638 1147 seu
671 1088 853 1146 Alamannos
885 1086 1075 1146 distrahentes
1106 1088 1156 1149 illa
1185 1091 1262 1148 bone
1294 1092 1343 1167 qui
1375 1110 1433 1149 nou

249 1175 380 1250 obstante
403 1192 549 1250 conductu
571 1191 620 1248 diri
641 1189 784 1249 Jobenuis
806 1189 919 1247 comitis
942 1188 1085 1265 capitanei
1105 1189 1183 1249 illius
1199 1191 1433 1253 terreSialendie

249 1291 472 1367 captiuauerunt
493 1312 539 1351 me
560 1301 588 1351 at
606 1291 752 1368 captiuum
783 1291 928 1348 duxerunt
955 1308 1012 1347 vna
1045 1310 1109 1349 cum
1140 1291 1247 1350 familia
1284 1314 1349 1352 mea
1381 1312 1433 1369 per

248 1392 309 1450 duo
331 1392 454 1451 miliaria
480 1412 573 1470 usque
594 1394 631 1451 ad
653 1405 777 1452 castrum
800 1392 955 1450 Haiueuse.
988 1402 1017 1449 et
1047 1392 1245 1452 nichilominus
1273 1395 1347 1452 solui
1379 1415 1432 1471 pro

249 1493 383 1569 expensis
406 1495 590 1554 conductoris
612 1495 667 1552 mei
692 1522 725 1533 ·-
751 1494 787 1570 ij.
806 1494 858 1552 sol.
883 1512 949 1550 curn
963 1492 1079 1551 dimidio
1090 1512 1180 1570 gross.
1194 1492 1431 1554 Turonensium¹.

332 1593 406 1652 Item
430 1597 541 1655 .x'2¹¹die
554 1596 689 1656 Octobris
706 1615 839 1655 reuersus
860 1594 899 1652 lui
922 1594 1032 1653 Lundis
1054 1596 1091 1653 ad
1112 1596 1253 1671 synodum
1279 1598 1316 1654 ad
1338 1598 1431 1673 inqui·
1445 1604 1531 1647 fvt-⁷⁹⁴·
1608 1616 1610 1622 ·

247 1695 368 1755 rendum
391 1716 457 1756 cum
479 1698 556 1757 clero
577 1698 655 1756 illius
677 1697 798 1756 diocesis
830 1716 917 1774 super
949 1698 1095 1757 solucione
1126 1717 1225 1756 eorum
1253 1718 1309 1774 que
1340 1710 1431 1758 resta·
1469 1710 1474 1722 '

247 1797 319 1854 bant
341 1798 379 1856 ad
401 1800 571 1859 soluendum
593 1819 646 1877 per
667 1819 716 1859 eos
738 1800 773 1858 de
802 1799 914 1857 decima
944 1799 1094 1858 sexanuali
1124 1800 1254 1875 predicta
1287 1811 1315 1857 et
1344 1819 1432 1877 super

247 1897 395 1958 solucione
428 1920 531 1961 census
559 1903 691 1960 Romane
717 1901 837 1959 ecclesie
858 1921 910 1960 seu
933 1900 1040 1975 denarij
1062 1900 1138 1958 beati
1160 1899 1240 1959 Petri
1260 1902 1309 1978 qui
1329 1902 1359 1958 in
1381 1901 1431 1961 illa

248 1999 355 2060 diocesi
376 2003 498 2062 debetur
519 2014 548 2062 et
567 2003 699 2075 soluitur,
722 2013 750 2061 et
762 2003 827 2061 dedi
840 2023 892 2079 pro
905 2003 992 2061 naulo
1005 2001 1118 2077 -xvj,
1130 2020 1220 2078 gross.
1234 2002 1428 2063 Turonenses.

331 2104 406 2163 Item
428 2125 486 2164 .xv.
509 2105 555 2163 die
576 2105 747 2163 Decembris
769 2105 867 2161 audito
888 2104 1068 2180 Thriumpho
1090 2123 1175 2180 quem
1206 2106 1259 2162 dira
1281 2103 1430 2165 Gerendus
1515 2172 1518 2179 1

248 2222 344 2265 comas
366 2205 530 2265 obtinuerat
551 2207 691 2265 aduersus
713 2208 780 2263 dium
803 2205 1022 2281 (iristopborum
1038 2225 1135 2281 regem
1148 2206 1209 2264 misi
1222 2207 1313 2264 eidem
1325 2206 1431 2266 Comiti
1509 2197 1514 2206 '

247 2305 351 2364 iterum
382 2307 519 2366 nuncium
541 2308 691 2385 requirens
713 2310 750 2366 ab
773 2327 806 2365 eo
828 2327 961 2366 securum
984 2308 1159 2366 conductum
1182 2326 1267 2383 quem
1290 2316 1348 2363 tem
1378 2326 1432 2384 per

247 2407 433 2466 Alamauiam
455 2427 543 2484 quam
564 2428 617 2484 per
637 2408 760 2466 Daciam
782 2418 901 2485 sequtus
923 2417 966 2465 est
987 2407 1078 2466 donec
1106 2409 1229 2466 obtinuit
1256 2408 1366 2467 litteras
1394 2408 1430 2466 de

248 2527 352 2567 securo
373 2499 527 2582 conductu,
549 2528 621 2586 quas
644 2509 710 2566 mihi
733 2511 809 2567 misit
830 2510 899 2568 satis
921 2508 1094 2567 sufficientes
1117 2508 1229 2567 clausas
1258 2519 1286 2567 et
1316 2518 1430 2586 apertas

148 2631 151 2638 ¹
212 2600 215 2605 ’
249 2619 277 2667 et
309 2609 375 2668 dadi
405 2609 482 2668 dicto
514 2609 620 2669 nuncio
653 2628 707 2685 pro
739 2609 886 2669 laboribus
919 2620 947 2668 et
979 2608 1112 2688 expensis
1134 2637 1175 2647 -
1197 2609 1243 2684 .vj.
1265 2610 1317 2669 sol.
1340 2629 1431 2687 grass.

249 2710 470 2771 Turonensium.

330 2812 405 2872 Item
427 2833 503 2872 anuo
525 2814 575 2872 dui
597 2822 647 2872 .m‘t
669 2822 732 2873 ccct
754 2814 848 2891 xxxijt
869 2833 918 2872 xv.
942 2814 988 2872 die
1009 2814 1115 2872 mensis
1141 2811 1302 2888 Februarij‚
1324 2814 1430 2890 signiti-

248 2915 312 2972 caui
333 2916 392 2974 driu
415 2926 512 2974 nostro
533 2934 609 2991 pape
630 2915 754 2992 prelium
775 2916 905 2973 habitum
934 2917 1007 2974 inter
1039 2915 1172 2973 comitem
1206 2914 1370 2975 Gerardum
1402 2925 1431 2974 et

246 3015 356 3093 Regem
379 3016 596 3093 (iristophorum
618 3025 647 3075 et
668 3018 734 3075 dedi
767 3017 881 3076 cuidam
913 3017 1033 3095 pauperi
1066 3017 1225 3092 presbitero
1258 3017 1307 3094 qui
1338 3019 1430 3077 dictas

247 3117 375 3193 portauit
396 3117 505 3177 litteras
533 3147 563 3156 -
590 3137 647 3176 xx.
670 3137 759 3195 gross.
781 3119 974 3178 Turonenses.

329 3216 404 3276 Item
426 3215 585 3295 xriijt¹die
606 3220 709 3295 Marcij
732 3219 809 3277 exiui
831 3219 948 3279 ciuitate
970 3221 1117 3279 Lundensi
1135 3239 1236 3278 uersus
1254 3219 1430 3280 Sialendiam

248 3328 276 3378 et
296 3330 402 3378 terram
422 3321 510 3381 Jucie
532 3341 598 3381 oum
622 3322 747 3398 quodam
770 3320 875 3379 clerieo
898 3332 925 3379 et
948 3322 1060 3380 duobus
1082 3319 1194 3379 famulis
1218 3321 1266 3377 dfii
1288 3321 1429 3379 Iohannis

247 3419 367 3481 Comitis
389 3423 438 3498 qui
461 3441 526 3481 cum
549 3423 640 3481 tribus
662 3423 744 3499 equis
765 3421 881 3480 fuerunt
902 3441 1014 3480 mecum
1036 3422 1065 3478 iu
1087 3423 1135 3480 uia
1157 3424 1186 3480 in
1209 3423 1343 3496 expensis
1360 3423 1430 3482 meis

246 3541 298 3598 per
320 3523 385 3598 aiij.
407 3522 477 3584 dies.
498 3523 572 3582 solui
594 3543 647 3600 pro
669 3523 752 3581 dictis
775 3524 908 3598 expansis
933 3554 968 3564 -
984 3522 1429 3599 .vj.sol.gross.Turonensium.

328 3624 402 3682 Item
422 3625 487 3682 dedi
511 3626 617 3683 eisdem
638 3652 679 3662 -
700 3624 756 3700 iiij.
778 3625 830 3685 sol.
852 3644 942 3702 gross.
965 3625 1187 3682 Turonensium.

328 3724 402 3783 Item
425 3726 499 3784 solui
520 3745 574 3803 pro
593 3726 715 3785 transitu
737 3727 823 3785 maris
852 3729 926 3784 inter
958 3726 1093 3787 Scaniam
1128 3737 1157 3784 et
1189 3726 1366 3792 Sialendiam
1391 3754 1426 3766 -

246 3826 366 3902 .iij.s01.
388 3836 417 3885 et
438 3827 495 3902 iiij.
517 3828 580 3885 den.
603 3847 693 3904 gross.
716 3828 928 3887 Turonensium
950 3828 1019 3904 quia
1039 3828 1158 3885 trausiui
1181 3847 1247 3886 cum
1270 3827 1317 3887 .ix.
1339 3828 1428 3905 equis.

297 3942 300 3947 ·
327 3929 410 3986 Item.
433 3928 480 3985 die
501 3929 587 4004 xxvj.
610 3929 722 4004 Marcij.
744 3929 807 3988 misi
841 3930 876 3988 de
909 3928 1055 3988 Roskildis
1087 3928 1116 3986 in
1148 3930 1288 3987 Feoniam
1319 3929 1429 3989 litteras

245 4030 384 4089 mandans
406 4030 610 4089 collectoribus
632 4031 742 4089 decime
765 4031 892 4107 predicte
914 4033 941 4089 in
964 4031 1080 4090 ciuitate
1103 4038 1131 4089 et
1153 4031 1259 4089 diocesi
1276 4032 1428 4092 Ottonieu·

245 4129 328 4202 sibus
344 4139 377 4189 ut
397 4142 534 4206 pararent
555 4132 685 4190 raciones
713 4152 780 4192 suas
810 4142 838 4190 et
870 4134 1008 4210 quicquid
1039 4133 1215 4207 collegerant
1248 4133 1284 4191 de
1317 4132 1429 4192 decima

245 4243 402 4290 memorata
423 4241 454 4290 vt
476 4243 608 4310 paratum
630 4232 788 4290 inuenirem
810 4235 880 4310 quia
900 4235 928 4292 in
951 4233 1082 4310 proximo
1104 4234 1238 4292 uolebam
1261 4235 1360 4293 venire
1391 4237 1429 4294 ad

247 4350 294 4390 eos
316 4340 345 4390 et
372 4333 437 4391 dedi
459 4335 572 4393 duobus
585 4334 733 4394 'iratribus
764 4335 999 4394 Predieatoribus
1031 4334 1080 4411 qui
1114 4334 1206 4394 dictas
1239 4346 1428 4413 portaueruut

245 4432 352 4499 litteras
373 4454 427 4511 pro
450 4436 538 4494 naulo
560 4444 589 4493 et
610 4437 738 4495 subsidio
761 4456 953 4512 expensarum
974 4455 1090 4495 suarum
1112 4463 1154 4473 -
1178 4435 1236 4511 xij.
1247 4457 1338 4514 gross.
1350 4439 1428 4496 Tur·

246 4530 388 4595 onenses².

822 4620 876 4684 aij.
895 4621 943 4670 sol.
961 4621 1148 4685 sterlingorum.

822 4689 885 4752 ‚xxi
906 4690 952 4739 sol.
971 4705 1050 4753 gross.
1068 4688 1264 4738 Turonensium.

277 4764 290 4794 ²
306 4769 338 4817 Η.
357 4777 375 4819 t.
404 4764 470 4834 [ap]
490 4770 596 4821 Summa
612 4771 688 4821 huius
707 4774 800 4837 pagine
819 4798 848 4806 —
868 4774 949 4855 -Xlel
969 4775 1015 4825 sol.
1034 4784 1059 4825 et
1076 4774 1146 4836 ,iitjqr
1160 4775 1217 4823 deu.
1230 4789 1311 4837 grossi.
1327 4773 1428 4824 Turon-

864 4858 970 4892 ensium.
1185 4909 1224 4972 8*

280 4645 289 4676 ¹
307 4650 339 4701 H.
358 4658 376 4701 t.
411 4646 470 4715 [ap]
489 4651 594 4702 Summa
611 4653 685 4702 huius
703 4653 794 4716 pagine
