3584 5625
875 401 913 459 14

294 585 408 662 pondus
428 583 595 661 Norwegie.
638 584 707 659 Qua
726 596 844 644 moneta
866 587 987 658 reducta
1007 590 1045 646 ad
1071 607 1177 663 purum
1205 599 1357 666 argentum
1384 590 1489 650 Vene-

293 696 389 746 torum
409 687 488 746 valet
509 715 549 725 -
570 685 662 761 lxxxj.
683 685 773 747 libras
787 688 832 763 .vj.
855 690 955 748 vnoias
976 697 1072 747 et.xx.
1096 698 1212 751 tarenos
1231 692 1345 769 argenti
1358 692 1490 751 adidem

293 789 407 864 pondus
427 788 603 847 Romanum.

462 889 582 949 Summa
609 888 793 949 Summarum
825 890 937 966 argenti
966 891 1109 950 dictarum
1142 901 1322 951 monetarum
1354 894 1489 951 ascendit

377 991 414 1048 ad
427 1010 474 1049 nn.
496 1010 538 1049 ce.
560 990 609 1065 vij.
632 990 721 1048 libras
743 990 799 1066 iiij.
820 993 921 1051 vncias
944 990 1001 1066 ‚vij.
1022 1001 1138 1051 tarenos
1160 991 1259 1069 st'.vij.
1269 1012 1362 1070 grana
1373 995 1488 1070 argenti

376 1092 556 1151 Venetorum
576 1093 614 1151 ad
635 1093 750 1169 pondus
779 1092 952 1151 Romanum.
996 1092 1061 1165 Que
1082 1093 1155 1152 libre
1175 1092 1286 1153 iaciunt
1302 1114 1354 1154 seu
1384 1095 1489 1153 ualent

378 1228 414 1237 —-
429 1213 467 1252 m.
488 1194 551 1269 viije
571 1194 610 1269 xj.
630 1209 745 1253 'marcas
767 1194 823 1269 nij.
844 1203 961 1253 tarenos
982 1203 1012 1252 et
1033 1193 1090 1269 aij.
1114 1213 1206 1270 grana
1227 1196 1338 1272 argenti
1355 1197 1392 1254 ad
1406 1197 1485 1254 idem

376 1296 488 1371 pondus
516 1297 688 1354 Romanum.
742 1293 856 1367 Quibus
886 1295 1030 1354 adiunctis
1059 1297 1198 1372 predictis
1225 1304 1257 1374 v}
1288 1298 1328 1373 iij.
1359 1298 1486 1357 marchis

375 1392 432 1471 ijtu·
459 1397 549 1473 vncijs
571 1408 600 1455 et
622 1395 688 1472 xvj
709 1396 817 1454 tarenis
840 1396 953 1472 argenti
973 1398 1102 1456 reductis
1121 1398 1159 1455 ad
1180 1399 1295 1474 pondus
1316 1401 1484 1459 Romanum

375 1499 413 1556 ed
434 1498 592 1556 bonitatem
615 1498 727 1573 argenti
749 1498 963 1574 sterlingorum.
985 1508 1102 1557 constat
1123 1500 1217 1559 dictos
1239 1509 1414 1559 mercatores
1430 1503 1483 1560 ba·

375 1601 444 1659 bere
475 1600 505 1658 in
533 1599 695 1675 depositum
724 1620 742 1657 a
769 1600 846 1658 dicto
873 1599 999 1675 plebano
1024 1628 1060 1638 -
1083 1600 1122 1678 ijr
1147 1600 1190 1678 iijr
1211 1601 1281 1676 xiiij.
1298 1603 1432 1660 marchas
1453 1603 1482 1677 ij.

374 1722 440 1761 unc.
461 1700 542 1777 xxiij.
564 1709 680 1759 tarenos
700 1709 729 1759 et
749 1700 805 1777 ,rij.
826 1719 919 1777 grana
940 1702 1052 1779 argenti
1074 1704 1233 1763 addictum
1244 1704 1360 1779 pondus
1370 1703 1479 1762 Roma·

374 1823 453 1877 num,
475 1805 511 1861 de
533 1802 646 1863 decima
666 1800 843 1879 ⁴''Nouergie
1481 1879 1484 1885 Ι

374 1906 450 1965 Item
472 1914 515 1965 est
536 1904 752 1978 attendendum,
774 1907 853 1982 quod
874 1906 969 1965 dictus
991 1906 1129 1965 collector
1151 1900 1281 1980 [misit]l
1301 1906 1339 1964 ad
1362 1904 1482 1966 cunam

289 2010 450 2067 Romanam
472 2007 586 2083 pondus
607 2006 700 2084 Regni
722 2007 878 2083 Norwegie
900 2009 986 2066 vuius
1017 2008 1090 2066 libre
1120 2008 1149 2067 in
1177 2009 1306 2084 plumbo,
1339 2010 1394 2066 sub
1425 2026 1481 2065 suo

289 2110 393 2185 sigillo,
415 2109 493 2187 quod
514 2108 627 2184 pondus
649 2128 747 2167 coram
767 2109 925 2167 vonerabili
943 2109 1007 2167 viro
1018 2109 1076 2166 dno
1089 2110 1221 2168 Berardo
1232 2109 1391 2185 apostolice
1403 2109 1481 2168 sedis

289 2210 468 2283 camerario,
488 2209 670 2285 presentibus
689 2209 815 2268 Rodulfo
836 2210 872 2266 de
888 2210 1023 2268 Palicum
1046 2218 1075 2267 et
1091 2210 1328 2268 Binbertinorum
1351 2210 1387 2267 de
1410 2209 1480 2267 Flo-

285 2313 380 2370 rentia
401 2312 540 2370 Manente
560 2310 713 2393 Tholomei
735 2311 771 2368 de
792 2310 917 2368 filiorum
936 2310 1123 2386 Boneignoris
1143 2312 1180 2369 de
1200 2311 1274 2372 Sene
1298 2320 1327 2369 et
1355 2309 1479 2370 Colucio

288 2414 324 2470 de
345 2412 536 2490 Ricardorum
558 2412 594 2469 de
615 2412 699 2470 Luca
719 2412 905 2472 societatibus
926 2413 1134 2471 mercatoribus
1155 2411 1278 2472 Camere
1311 2412 1360 2469 dr‘ri
1392 2430 1479 2487 pape,

287 2533 322 2573 ac
335 2513 428 2573 Gerio
439 2514 552 2572 noterio
574 2514 750 2589 supradicto,
770 2513 792 2571 J
793 2531 849 2570 ano
861 2514 1048 2572 Benteuenne
1060 2513 1096 2571 de
1106 2514 1268 2592 Mooorum
1290 2521 1319 2571 et
1329 2513 1478 2571 Ambrosio

286 2616 323 2674 de
343 2603 517 2674 Alienorum
540 2615 575 2674 de
597 2615 746 2673 Florentia
767 2614 955 2673 societatibus
975 2615 1194 2686 mercatoribus,
1219 2634 1309 2691 penes
1330 2632 1404 2690 quos
1425 2632 1477 2673 seu

286 2736 386 2774 eorum
406 2716 500 2775 socios
522 2724 566 2775 est
586 2715 698 2792 prefata
717 2716 850 2793 pecunia,
872 2714 925 2774 luit
946 2727 1089 2792 apertum,
1114 2725 1148 2774 ut
1168 2716 1224 2792 ipsi
1244 2716 1339 2774 «Ianus
1362 2723 1390 2773 et
1412 2715 1477 2772 An·

286 2820 399 2878 brosius
425 2838 478 2894 pro
506 2819 565 2877 suis
592 2819 779 2877 societatibus
806 2827 1041 2896 recognouerunt
1067 2828 1097 2876 et
1113 2819 1227 2894 pondus
1249 2827 1279 2876 et
1299 2817 1424 2894 sigillum
1448 2827 1476 2875 et

285 2931 460 2997 aperturam.
502 2920 543 2978 Et
564 2921 665 2978 eodem
687 2921 814 2995 pondere
837 2920 1004 2976 examinato
1026 2938 1092 2978 oum
1114 2920 1188 2978 libra
1203 2920 1340 2997 ponderis
1351 2918 1476 2979 Romani

291 3050 323 3061 ·-
348 3030 471 3098 apparet
492 3022 570 3097 quod
592 3041 691 3079 marca
712 3021 752 3077 ad
771 3021 884 3096 pondus
905 3020 1062 3096 Norwegic
1094 3021 1131 3080 sit
1152 3021 1245 3080 minor
1266 3039 1353 3097 quam
1375 3038 1477 3078 marca

284 3125 322 3182 ad
354 3124 468 3200 pondus
500 3124 664 3182 Romanum
686 3149 728 3160 -
754 3130 859 3198 quarta
883 3131 967 3196 parte
1005 3121 1099 3193 vnoie,
1142 3131 1171 3181 et
1202 3121 1260 3197 iiij.
1291 3122 1390 3198 granis
1422 3139 1476 3196 pro

235 3272 238 3277 .
286 3225 415 3301 qualibet
434 3219 561 3282 marca.²
618 3263 623 3275 .

321 3386 330 3416 ¹
352 3391 473 3453 Udeladt‚
493 3388 674 3452 formodentlig
690 3391 738 3439 ved
754 3389 953 3452 Forsommelsa
971 3390 980 3438 i
999 3389 1157 3453 Originalen.
1192 3385 1278 3438 ²F01.
1297 3395 1331 3438 20
1351 3396 1419 3439 samt
1443 3391 1474 3438 27

352 3476 503 3526 incleholder
519 3475 692 3538 Regnskabet,
711 3475 790 3538 aflagt
816 3480 879 3525 1283
902 3474 932 3524 af
946 3474 1054 3524 Prioren
1071 3473 1100 3523 al
1115 3473 1278 3534 (londonien,
1305 3472 1346 3522 for
1363 3475 1394 3523 de
1414 3489 1475 3534 „aex

352 3560 536 3625 provenoalslrc
553 3554 722 3610 Provindser“
742 3556 803 3619 (sex
821 3560 956 3624 provinciis
974 3558 1135 3620 Provincia),
1153 3558 1249 3622 nemlig
1264 3556 1372 3620 Vienna,
1389 3557 1480 3618 Arles,'

273 3670 275 3675 ·
352 3644 415 3706 Aix,
431 3645 555 3706 Embruu,
569 3644 717 3695 Tarantaise
736 3659 771 3707 og
782 3645 931 3708 Besancon3
950 3645 1008 3694 Fol.
1027 3642 1302 3705 22-25Rognskabet
1318 3642 1475 3705 forAragou

353 3745 387 3792 og
403 3728 527 3789 Navarra,
545 3730 625 3792 aflagt
642 3745 661 3779 s.
679 3731 714 3779 A.
732 3729 762 3779 af
776 3729 923 3778 Benenatus
941 3729 973 3777 de
990 3727 1112 3788 Laronia,
1135 3742 1170 3789 og
1185 3726 1245 3786 Pol,
1270 3732 1311 3787 28,
1335 3731 1376 3776 29.
1389 3727 1475 3794 Regu-

352 3814 444 3863 snser
460 3814 502 3863 for
518 3813 653 3876 suonam,
671 3815 751 3877 aflagt
771 3817 833 3863 1287
852 3813 881 3863 af
897 3813 1072 3862 amanuncus
1091 3813 1122 3861 oe
1139 3810 1220 3861 vita.
1277 3797 1281 3806 '
