3584 5625
865 499 923 561 177

294 701 328 740 ,ac
344 687 477 738 Bemurdo
495 689 526 737 de
544 686 642 740 Ortulis
659 686 751 736 rectori
769 685 876 736 ecclesie
894 686 926 735 dc
943 684 1094 749 Neualibus‚
1114 685 1279 739 Cutssrcensis
1297 695 1323 738 et
1345 688 1490 740 Electcusis

297 774 436 823 diocesium
454 773 596 838 apostolice
614 772 680 821 sedis
711 771 809 834 uuncijs
838 771 948 821 salntem
975 779 1000 821 et
1029 772 1138 833 apostol.
1165 773 1291 824 benedict
1335 772 1399 825 Cum
1424 776 1491 825 sicut

296 858 441 923 accepimus
459 858 610 908 venerabilis
628 856 708 907 frater
734 864 822 905 noster
846 856 998 906 Willelmus.
1023 856 1157 921 episeopus
1187 857 1360 908 Orcbsdensis
1385 868 1492 924 propter

296 956 389 1004 graues
407 957 528 993 excessus
547 957 611 1006 quoa
628 943 683 1007 ipsc
701 942 826 1001 capiendo
845 949 871 990 ct
888 941 1073 991 incarcerando
1091 942 1145 991 sina
1162 956 1242 991 causa
1259 944 1404 993 rationabili
1414 944 1490 994 dilec-

296 1035 351 1076 tum
368 1026 448 1076 filium
465 1027 651 1089 Engelbertunr
669 1026 770 1088 Luniug
787 1028 936 1076 canonicum
955 1013 1145 1078 Orcbadeusem
1161 1024 1292 1076 fructuum
1309 1027 1489 1080 beneficiorum

296 1110 537 1173 ecclesiasticorum,
555 1126 600 1176 per
618 1127 665 1163 uos
684 1124 764 1174 usque
782 1111 815 1160 ad
833 1120 930 1160 certum
948 1118 1047 1174 tempus
1065 1110 1158 1161 inillis
1175 1111 1284 1161 sicutiu
1308 1114 1416 1167 diuersis
1433 1113 1490 1175 alijs

296 1195 410 1259 partibus
429 1204 627 1256 mercatorum,
654 1196 867 1246 subcollcctorem
895 1196 1050 1246 auctoritate
1080 1196 1147 1246 sedis
1173 1198 1316 1259 apostolice
1341 1200 1490 1262 deputatum
1523 1220 1527 1229 ·

296 1281 399 1344 ibidem,
417 1281 521 1345 eiusque
538 1282 662 1332 beneficia
679 1288 705 1330 ct
722 1281 790 1330 boue
808 1281 933 1345 capiendo
951 1281 1097 1345 usurpando
1115 1289 1141 1330 et
1157 1294 1243 1330 secum
1261 1283 1377 1346 nequiter
1402 1298 1490 1347 aspor-

296 1367 376 1416 tando
394 1381 439 1416 seu
457 1369 584 1431 asportari
603 1366 730 1425 faciendo,
748 1367 894 1429 dictumque
913 1366 1065 1415 canonicum
1073 1365 1213 1428 ‚beneficijs
1232 1366 1284 1415 suis
1302 1365 1414 1416 indebite
1432 1382 1490 1431 spo-

295 1450 394 1510 litando,
412 1466 514 1502 necnon
531 1458 557 1500 et
575 1451 656 1501 dictos
675 1448 772 1500 fructus
790 1465 821 1498 ac
838 1452 973 1514 pecuniam
992 1451 1023 1500 du
1041 1449 1147 1500 denario
1166 1450 1234 1499 beati
1256 1450 1326 1501 Petri
1356 1452 1491 1502 collectam

296 1536 323 1585 in
340 1535 392 1585 illis
409 1536 524 1601 partibus
542 1534 685 1599 improuide
703 1535 834 1585 retinendo
852 1536 1017 1584 commiserat
1033 1550 1079 1599 per
1096 1542 1121 1585 te
1137 1534 1218 1585 frater
1235 1535 1353 1600 episcope
1370 1536 1396 1584 iu
1419 1537 1490 1599 quin·
1508 1529 1510 1534 ’

296 1620 421 1683 quaginta
438 1636 472 1672 ex
489 1635 541 1670 uua
558 1629 640 1684 parte,
659 1627 686 1669 et
703 1620 729 1669 in
747 1620 933 1685 quinquaginta
950 1620 1030 1669 tribus
1042 1621 1152 1670 marchis
1171 1620 1360 1683 sterlingorum,
1369 1635 1416 1685 per
1425 1629 1490 1671 taac

296 1704 468 1755 venerabilem
486 1704 591 1755 fratrem
608 1711 724 1755 nostrum
743 1704 964 1770 arehiepiscopum
977 1704 1168 1755 Nidrosiensem
1185 1707 1338 1755 auctoritate
1347 1706 1492 1769 apostolica

298 1804 376 1851 super
387 1788 438 1851 hijs
450 1790 617 1854 procedentes
630 1804 663 1839 ex
679 1790 769 1849 altera,
783 1798 871 1839 nostre
888 1790 1046 1853 applicandis
1064 1804 1164 1839 camere
1178 1789 1364 1839 sententialiter
1378 1790 1492 1840 extiterit

299 1874 511 1938 condempnatus,
530 1874 635 1923 diuersis
654 1874 712 1936 alijs
730 1874 892 1937 processibus
900 1875 1039 1924 nonnullas
1051 1874 1196 1937 spirituales
1211 1881 1237 1924 ct
1249 1873 1404 1939 temporales
1413 1889 1492 1939 penas

299 1966 325 2007 et
342 1960 486 2009 sentencias
510 1959 708 2021 continentibus,
736 1959 870 2009 occasione
896 1959 1041 2009 huiusmodi
1071 1959 1252 2010 nichilominus
1281 1959 1376 2009 habitis
1403 1967 1493 2009 contre

299 2058 366 2093 aum.
402 2041 455 2092 Nos
473 2044 605 2108 cupientes
624 2044 692 2107 quod
710 2058 786 2108 super
803 2044 899 2093 eisdem
917 2045 1064 2093 excessibus
1082 2044 1235 2094 exhibeatur
1252 2044 1273 2094 si
1291 2045 1387 2094 ueritas
1402 2043 1492 2116 suffra·

299 2137 374 2192 getur
391 2114 514 2179 relatibus
532 2129 633 2178 iusticie
651 2129 875 2192 complementum,
885 2138 918 2188 ot
936 2129 1013 2178 etiam
1030 2129 1098 2178 dicte
1115 2129 1272 2191 quantitates
1290 2130 1397 2193 pecunie
1426 2131 1493 2179 dicte

274 2203 277 2210 ’
299 2226 399 2261 camere
417 2214 519 2262 nominc
537 2212 569 2262 ab
588 2214 679 2263 eodem
697 2214 819 2278 episcopo¹
837 2214 983 2276 exigantur,
1001 2198 1147 2262 discretioni
1165 2221 1250 2262 uestra
1279 2228 1325 2276 per
1350 2215 1493 2277 apostolica

299 2298 395 2361 scripta
413 2298 595 2347 committimus
613 2305 639 2346 ct
655 2298 805 2347 mandemus
824 2299 942 2361 quatinus
961 2312 1007 2347 uos
1026 2298 1067 2346 uel
1085 2298 1151 2347 alter
1167 2307 1280 2346 uestrum
1304 2312 1349 2362 per
1378 2314 1424 2348 uos
1452 2301 1493 2349 uel

298 2381 377 2429 alium
395 2380 440 2429 adu
458 2381 522 2430 alios
540 2384 677 2431 summarie
694 2383 842 2446 simpliciter
859 2394 885 2432 ct
902 2385 933 2432 de
950 2382 1028 2447 plano
1046 2396 1077 2431 ac
1094 2383 1148 2431 sinc
1160 2382 1267 2445 strepitu
1277 2390 1303 2431 et
1311 2382 1393 2445 figura
1405 2385 1490 2447 iudicij

297 2465 432 2514 ueritatem
451 2465 599 2529 diligencius
618 2480 694 2531 super
711 2469 831 2530 predictis
850 2476 876 2517 et
893 2483 924 2517 ea
941 2463 1105 2527 tangentibus
1123 2467 1278 2529 inquirentes
1297 2467 1318 2516 si
1336 2469 1411 2517 uobis
1427 2484 1492 2519 con·

298 2549 392 2600 stiterit
410 2552 441 2599 dc
459 2541 597 2615 premissis,
615 2553 723 2601 eundem
737 2554 884 2617 episcopum
914 2553 948 2602 ad
977 2550 1186 2625 satisfaciendum
1213 2553 1281 2601 dicto
1308 2554 1433 2602 canonico
1461 2556 1493 2603 de

297 2635 417 2698 predictis
434 2635 535 2698 iniurijs
553 2644 580 2685 et
597 2637 744 2686 excessibus
763 2645 937 2698 competunter
953 2636 1051 2700 sibique
1069 2637 1192 2687 beneficia
1209 2645 1235 2686 et
1252 2638 1319 2686 bona
1345 2652 1392 2687 sua
1420 2641 1492 2688 resti-

298 2721 420 2770 tuendum
438 2735 538 2770 necnon
555 2721 588 2769 ad
606 2722 757 2772 soluendum
775 2723 843 2772 dicte
861 2736 962 2771 camere
979 2721 1085 2786 pecunie
1103 2722 1258 2785 quantitates
1276 2723 1413 2785 predictas,
1431 2739 1493 2773 auc·

298 2805 403 2855 toritate
413 2815 508 2859 ,nostra
526 2806 702 2871 appellatione
715 2809 861 2873 postposita
878 2807 1046 2870 compellatis.
1081 2806 1141 2857 Nou
1160 2806 1320 2858 obstantibus
1331 2803 1492 2867 (constituti-

299 2885 400 2950 onibus)
418 2889 500 2940 fclicis
527 2893 711 2942 recordationis
738 2892 866 2956 Bouifncij
895 2908 961 2957 pape
987 2892 1049 2956 aiij.
1079 2893 1268 2957 predecessoris
1294 2894 1376 2943 nostri
1401 2895 1492 2958 quibus

298 2985 411 3037 cassetur,
430 2991 461 3025 ne
480 2976 571 3039 aliquis
589 2983 665 3026 extra
682 2993 741 3027 snas
760 2978 889 3027 ciuitatem
908 2987 935 3026 et
952 2977 1066 3027 diocesin
1083 2977 1131 3026 nisi
1149 2979 1175 3027 iu
1194 2979 1270 3028 certis
1287 2981 1402 3043 exceptis
1427 2981 1492 3028 caai-
1543 2961 1550 2979 Χ

298 3061 353 3121 bus,
372 3062 441 3110 etin
458 3061 509 3110 illis
527 3062 597 3111 ultra
615 3078 692 3112 unam
711 3062 805 3113 dietam
823 3078 839 3111 a
856 3063 906 3112 fine
923 3078 969 3112 sue
986 3063 1095 3113 diocesis
1113 3063 1147 3111 ad
1164 3062 1286 3112 iudicium
1309 3074 1439 3126 euocetur,
1466 3074 1492 3114 ct

298 3155 351 3194 tam
369 3147 400 3194 de
419 3146 518 3196 duabus
536 3147 611 3196 dietis
628 3148 655 3196 in
673 3148 781 3197 consilio
799 3149 912 3211 generali
930 3157 1006 3211 quarn
1024 3148 1082 3210 alija
1106 3148 1332 3197 constitutionibus
1362 3164 1378 3197 a
1403 3150 1492 3213 prede-

298 3230 440 3279 cessoribus
458 3232 552 3280 uostris
571 3232 692 3281 Romanis
710 3233 874 3296 pontificibus
892 3233 966 3282 editis
984 3240 1135 3295 que'ucstre
1162 3241 1268 3296 possent
1293 3234 1320 3282 in
1347 3235 1396 3282 lrac
1419 3242 1492 3297 perte

298 3315 466 3364 iurisdictioni
485 3316 677 3379 quomodolibet
695 3317 807 3366 obuiare.
844 3318 895 3368 Scu
914 3319 934 3366 si
953 3318 1010 3367 eia
1033 3318 1093 3366 sede
1122 3317 1267 3380 apostolica
1288 3318 1327 3367 ait
1354 3317 1491 3378 indultum,

298 3401 365 3463 quod
383 3400 500 3450 interdici
518 3401 638 3464 suspendi
657 3401 699 3450 uel
717 3403 907 3451 excomunicari
927 3416 978 3450 non
995 3401 1078 3464 possit
1094 3417 1140 3466 per
1156 3403 1255 3452 litteras
1273 3402 1492 3467 apostolicueuou

297 3485 422 3534 facientes
439 3486 540 3550 plenam
559 3494 585 3534 ct
602 3501 750 3549 expressam
769 3501 800 3534 ac
817 3487 849 3535 de
867 3488 947 3537 uerbo
964 3487 998 3535 ad
1026 3486 1132 3536 uerbum
1160 3487 1192 3537 de
1216 3487 1318 3537 indulto
1345 3487 1491 3538 huiusmodi

298 3570 459 3619 mentionem.
494 3570 522 3621 Si
541 3585 602 3619 uero
621 3570 733 3634 prefatus
752 3572 888 3635 episcopus
906 3587 934 3621 se
952 3586 1028 3632 super
1044 3572 1165 3635 predictis
1184 3580 1363 3623 contumacem
1381 3572 1491 3622 forsitan

299 3654 444 3704 exhibuerit
461 3664 486 3704 ct
503 3654 625 3705 rebellem
642 3655 726 3717 ipsum
744 3657 839 3705 citandi
857 3657 1035 3721 peremptorie,
1052 3665 1082 3706 ut
1099 3664 1170 3706 certo
1188 3656 1297 3708 termino
1316 3659 1491 3719 dequouobis

298 3741 426 3789 uidebitur
444 3740 492 3789 sibi
509 3756 585 3805 super
602 3743 651 3790 hoc
668 3742 816 3804 prefigcndo
835 3741 980 3805 apostolico
998 3741 1146 3804 conspectui
1163 3740 1333 3805 personaliter
1349 3757 1377 3791 se
1389 3757 1491 3807 presen-

298 3833 336 3875 tet
353 3841 399 3889 pro
419 3827 547 3875 demeritis
565 3832 713 3890 recepturus
732 3835 758 3875 et
774 3826 889 3876 facturus
908 3827 977 3889 quod
996 3826 1104 3875 iusticia
1123 3827 1241 3875 suadebit
1266 3842 1297 3877 uc
1322 3825 1396 3876 nobis
1425 3828 1490 3876 diem

298 3911 428 3960 citationis
446 3911 591 3960 huiusmodi
611 3919 637 3959 ct
653 3910 769 3974 formam,
788 3920 814 3961 et
831 3926 920 3961 eorum
937 3925 987 3974 que
1004 3911 1031 3960 in
1048 3909 1176 3975 premissis
1195 3909 1305 3960 feceritis
1323 3926 1369 3976 pcr
1397 3913 1491 3961 instru-

298 4004 411 4047 mentum
429 3996 559 4061 publicnm
577 3998 667 4045 harum
686 3998 778 4047 seriem
795 3997 936 4055 continens,
954 3995 1188 4059 intimandi-uobis
1206 4004 1233 4045 et
1248 4004 1364 4046 uestrum
1386 3997 1491 4046 cuilibet

297 4082 443 4141 insolidum,
461 4082 562 4144 planam
580 4082 744 4132 concedimus
762 4090 850 4133 tenore
867 4082 1026 4147 presencium
1043 4077 1201 4132 facultatem.
1237 4081 1335 4132 Datum
1359 4081 1489 4132 Aninione

298 4182 333 4215 .x.
353 4165 404 4216 let.
424 4164 545 4217 Octobris
563 4167 727 4229 pontificatus
745 4169 825 4218 nostri
844 4182 913 4218 anno
930 4161 980 4229 xj⁰.

542 4247 592 4296 [Vnt.
608 4250 653 4298 lies.
669 4250 722 4292 Scor.
737 4252 778 4291 iob.
794 4252 851 4292 xxii.
865 4253 886 4294 T.
904 4252 933 4289 Vt.
947 4262 978 4290 sn.
993 4251 1025 4291 ill.
1042 4250 1075 4289 iol.
1089 4248 1120 4290 tt.
1135 4261 1165 4299 ep.
1180 4246 1243 4296 ibiibi.
1256 4273 1258 4277 .

636 4478 683 4537 62.
730 4479 820 4536 1326.
866 4478 943 4535 atde
966 4477 1144 4552 September.

365 4588 499 4641 dolrannes
518 4591 654 4656 episcopus
671 4609 691 4642 s.
711 4609 731 4643 s.
751 4594 774 4643 d.
794 4593 893 4643 dilectis
910 4592 971 4655 filijs
988 4592 1103 4642 iohanni
1122 4593 1154 4641 de
1172 4592 1277 4653 Serene,
1289 4593 1368 4657 priori
1380 4593 1488 4643 fratrum

299 4678 392 4726 ordinis
410 4677 598 4739 predicatorum
617 4677 648 4726 de
665 4678 782 4741 Figiaco,
800 4685 826 4727 et
842 4678 976 4727 Bernardo
1006 4679 1037 4727 dc
1067 4677 1174 4745 Ortclis‚
1201 4678 1294 4726 rectori
1323 4679 1429 4727 ecclesie
1456 4681 1487 4728 de

298 4759 448 4821 Nouulibua‚
467 4760 629 4811 caturcensis
648 4770 673 4811 et
690 4763 835 4813 Electcnsis
852 4764 1000 4823 diocesium‚
1018 4746 1159 4826 apostolice
1177 4763 1244 4812 sedis
1254 4762 1363 4825 nunciis,
1377 4763 1487 4812 salutem

299 4855 324 4895 et
341 4845 510 4914 apostolicam
529 4847 741 4899 benedictionem.
778 4847 840 4899 Cum
860 4863 876 4899 a
892 4848 1079 4899 venerabilibus
1097 4847 1224 4898 fratribus
1236 4848 1330 4899 nostris
1348 4884 1355 4897 .
1374 4849 1487 4898 arcius·

1246 4921 1283 4982 12
