3584 5625
875 438 911 496 19

295 626 349 683 bus
372 625 562 683 communiter
582 624 631 683 uel
652 623 767 683 diuisim
790 643 807 681 a
830 623 964 700 predicta
985 625 1022 683 sit
1042 626 1110 684 sede
1132 626 1284 700 indultum,
1306 626 1484 704 quodinter·

297 726 353 785 dici
375 726 511 803 suspendi
534 725 582 783 uel
604 726 854 783 excommunicari
877 745 934 783 non
957 726 1067 802 possint
1088 747 1141 803 per
1169 728 1279 786 litteras
1312 729 1486 805 apostolicas

297 848 353 887 non
376 828 513 888 facientes
535 827 650 904 plenam
675 836 703 884 et
722 846 888 903 expressam
911 845 946 884 ac
968 826 1004 885 de
1026 829 1116 887 uerbo
1133 828 1170 885 ad
1192 830 1314 889 uerbum
1326 830 1362 887 de
1373 829 1485 887 indulto

296 930 461 988 huiusmodi
484 928 673 987 mencionem.
717 926 862 985 Volumus
884 936 981 985 autem
1001 930 1080 1005 quod
1102 949 1150 987 eos
1167 950 1185 988 a
1203 932 1308 1007 quibus
1320 931 1486 1007 receperitis

296 1030 413 1089 residua
435 1031 603 1106 supradicta
625 1031 661 1088 de
683 1028 737 1086 hiis
760 1047 816 1104 que
837 1048 890 1086 uos
913 1029 1043 1105 recipere
1056 1031 1208 1107 eontigerit
1224 1033 1261 1090 ab
1274 1032 1485 1108 eisdemquite·

298 1130 428 1190 clametis
450 1137 478 1188 et
501 1131 587 1189 etiam
610 1129 769 1189 absoluatis
791 1149 844 1188 nec
866 1149 924 1188 non
947 1140 976 1188 et
1004 1131 1046 1189 eis
1078 1151 1097 1189 a
1129 1133 1279 1208 quibusuis
1312 1133 1486 1210 specialibus

298 1232 461 1303 sentenciis,
475 1252 548 1309 quas
570 1250 624 1308 pro
646 1250 679 1288 eo
701 1230 888 1290 incurrissent
909 1232 987 1307 quod
1010 1232 1172 1291 huiusmodi
1190 1233 1300 1293 fructus
1318 1235 1447 1293 redditus
1459 1244 1487 1292 et

298 1343 458 1409 prouentus
480 1333 528 1391 uel
550 1332 667 1391 residua
688 1332 716 1389 in
739 1332 854 1391 statutis
875 1333 913 1390 ad
936 1335 990 1392 hoc
1008 1335 1136 1393 terminis
1155 1354 1211 1393 non
1228 1335 1487 1408 soluissentabso·

297 1434 418 1494 lucionis
440 1433 612 1493 beneficium
634 1432 807 1509 impendatis
830 1452 896 1491 cum
918 1432 959 1491 eis
980 1453 1068 1509 super
1088 1435 1311 1511 irregularitate,
1326 1456 1414 1514 quam
1437 1456 1487 1495 ex·

298 1536 571 1595 communicacionis
583 1534 747 1593 huiusmodi
769 1533 848 1610 ligati
872 1536 1026 1594 sentenciis
1048 1537 1221 1595 celebrando
1244 1539 1343 1596 diuina
1365 1539 1412 1597 uel
1433 1540 1487 1596 im·

299 1636 444 1696 miscendo
477 1658 508 1696 se
539 1637 596 1696 illis
629 1636 747 1695 forsitan
782 1636 1001 1707 contraxissent,
1035 1639 1260 1698 misericorditer
1282 1641 1486 1715 dispensando.

298 1739 406 1796 Datum
429 1739 577 1798 Auinioue
598 1740 675 1797 Jdus
698 1738 825 1814 Augusti
847 1739 1033 1814 pontificatus
1055 1739 1145 1798 nostri
1167 1760 1244 1798 anno
1267 1738 1405 1799 decimo¹.

742 2036 1045 2045 ——.——-.-—-

766 2259 1020 2322 Secuntur

345 2520 348 2525 ι
413 2420 580 2520 Recepte
613 2416 753 2496 decime
785 2418 994 2495 sexennelis
1026 2422 1131 2520 regni
1161 2418 1375 2523 Ncrwegie.

726 2597 837 2668 Primo
865 2595 908 2666 de
934 2596 1070 2692 Osloya.

389 2762 503 2830 [Attouda
521 2765 586 2834 quod
602 2766 626 2818 in
643 2764 727 2834 Reque
746 2763 875 2832 Nonccpie
891 2783 973 2832 parua
991 2766 1095 2832 pecunia
1113 2766 1228 2832 recipitur
1245 2768 1281 2820 cd
1293 2767 1408 2835 pondus}

387 2906 544 2966 *Assendit
566 2908 679 2966 decima
700 2907 862 2966 sexeunalis
885 2908 1070 2984 episcopatus
1082 2909 1231 2969 Osloensis
1253 2910 1282 2968 in
1294 2911 1445 2969 vniuersso
1457 2911 1492 2967 de

303 3028 355 3067 sex
377 3009 459 3068 annis
479 3010 535 3067 .ad
556 3017 595 3066 vt*
620 3009 649 3084 ij.
671 2993 784 3068 marcas
807 3027 873 3067 eum
896 3008 1023 3080 dimidia,
1046 3018 1083 3082 et¹
1097 3010 1243 3069 dimidiam
1265 3012 1379 3070 unciam
1401 3031 1493 3087 parue

304 3119 418 3168 monete
440 3110 596 3171 Noricane.
618 3111 655 3168 ad
678 3111 791 3186 pondus
811 3109 986 3177 noricarum.
1021 3130 1078 3186 que
1099 3112 1212 3170 decima
1245 3112 1368 3170 collecta
1400 3112 1494 3169 fuerat

305 3231 357 3287 per
389 3212 537 3269 dominum
570 3211 772 3287 Thorquillum
794 3211 926 3269 Mantelli
950 3254 956 3268 .
978 3221 1006 3269 et
1027 3212 1164 3289 reposita,
1192 3223 1220 3272 et
1246 3223 1362 3289 reperta
1383 3213 1436 3271 fuit
1464 3214 1493 3271 in

305 3313 435 3372 sacristia
458 3312 578 3372 ecclesie
602 3312 760 3374 Osloensis.
794 3321 822 3368 et
855 3312 950 3369 eciam
981 3313 1086 3371 exinde
1119 3326 1237 3391 recepta
1266 3325 1295 3372 et
1323 3314 1419 3372 leuata
1442 3334 1495 3389 per

306 3433 366 3472 nos.
388 3413 506 3472 fratrem
527 3414 686 3472 Iohannem
709 3413 745 3468 de
757 3412 866 3472 Serene
888 3413 1014 3486 priorem
1027 3414 1146 3472 fratrum
1159 3416 1268 3474 ordinis
1280 3415 1494 3490 predicatorum

307 3515 343 3572 de
366 3515 497 3590 Figiaco.
518 3524 547 3572 et
568 3515 749 3573 Bernardum
767 3514 803 3570 de
830 3513 940 3573 Ortolis
962 3515 1117 3573 Rectorem
1136 3517 1257 3575 ecclesie
1273 3517 1309 3574 de
1330 3515 1495 3575 Noualibus

306 3617 336 3674 in
358 3618 475 3676 modum
494 3615 568 3674 infra
588 3617 736 3691 scriptum.

391 3821 480 3878 Auno
503 3819 611 3876 domini
628 3819 779 3876 millesimo
802 3860 808 3875 .
831 3824 895 3876 cccl
917 3817 1011 3893 xxvij‘!
1033 3828 1062 3876 et
1077 3819 1171 3894 xxvij‘!
1193 3821 1239 3877 die
1252 3820 1495 3880 mensis*Febr0-

308 3921 359 3996 arij
371 3920 587 3997 Recepimusa
605 3919 809 3978 dictodomino
833 3919 1005 3995 Thorquillo
1028 3919 1160 3978 Mantelli
1181 3941 1234 3980 nos
1255 3922 1386 3998 predicti.
1408 3921 1496 3979 frater

307 4023 453 4082 Iohannes
476 4022 511 4080 de
534 4022 644 4083 Serene
677 4030 705 4079 et
733 4021 902 4078 Bernardus
934 4021 970 4077 de
1003 4021 1120 4082 Ortolis.
1162 4021 1283 4081 *scimul
1316 4025 1351 4081 de
1384 4022 1496 4081 decima

309 4124 493 4200 episcopatus
516 4123 665 4184 Osloensis
689 4121 961 4180 carmelites.
984 4121 1021 4198 vj.
1041 4123 1149 4182 solidos
1171 4124 1241 4200 ‚iiijr
1265 4125 1397 4182 denarios
1425 4133 1495 4182 ster·

309 4225 452 4301 lingorum
475 4224 525 4300 qui
546 4223 663 4282 luerunt
684 4223 843 4300 computati
865 4242 919 4298 pro
938 4224 1016 4281 mille
1038 4226 1358 4302 centumquadraginta
1373 4226 1497 4284 marchis

310 4326 345 4401 .ij.
368 4325 459 4401 vncijs
482 4325 559 4384 dicte
580 4345 672 4402 perne
694 4333 817 4383 monete.

354 4554 456 4610 'Disse
474 4567 511 4609 tre
529 4557 611 4608 Breve
629 4557 710 4607 findcs
730 4573 810 4622 ogsua
825 4560 832 4608 i
852 4558 955 4622 Regest.
974 4558 1085 4609 dohann.
1104 4559 1191 4609 xxn,
1212 4561 1280 4612 Scer.
1301 4566 1323 4609 5.
1333 4558 1367 4608 V.
1385 4574 1443 4608 artu.
1461 4558 1496 4610 X.

334 4655 338 4663 ·
379 4643 492 4706 sotera
504 4659 543 4707 ep.
564 4645 739 4692 msc—2197.

351 4725 454 4780 ‘nster
471 4727 516 4778 fol
539 4733 559 4776 l.
578 4725 662 4791 folger
680 4738 721 4778 eet
738 4729 889 4779 ubeskrerot
913 4729 990 4790 Blae,
1018 4729 1039 4791 ej
1069 4729 1177 4789 falleret,
1204 4747 1239 4792 og
1268 4746 1316 4781 een
1342 4729 1499 4779 ubeslrrereu

380 4813 439 4865 Side
457 4808 515 4875 (fol.
534 4817 550 4861 2
567 4809 605 4872 a).
1278 4884 1296 4918 3
