3584 5625
825 475 881 534 157

259 664 366 731 provido
384 663 508 726 dirigatur
531 668 557 709 et
574 669 679 709 auctore
697 659 800 708 domino
829 657 928 708 felicem
955 668 1126 723 consequatur
1151 660 1270 711 effectum
1297 671 1322 711 et
1348 664 1378 713 de
1405 671 1447 713 tue

259 748 394 813 probitatis
413 746 539 797 industria
556 753 672 808 gerentes
690 743 717 793 in
735 744 836 793 domiuo
854 744 972 792 fiduciam
990 743 1128 808 pleniorem
1147 753 1171 795 te
1189 747 1216 795 in
1239 747 1378 797 ministerio
1396 749 1448 798 col-

259 832 380 884 leecionia
392 833 472 897 ipsius
486 831 583 880 decime
600 832 625 883 iu
644 818 758 893 predicto
771 843 850 890 regno
863 827 963 893 prelato
976 830 1167 895 archiepiscopo
1180 832 1355 895 subrogamus.
1390 834 1449 882 Dis-

259 918 370 967 erecioui
387 924 430 968 tue
447 932 492 982 per
509 916 651 981 apostoliea
669 914 763 977 scripta
782 912 894 963 districte
913 915 1074 980 precipiendo
1093 917 1249 966 mandantes.
1280 925 1404 980 quatenus
1423 919 1447 969 in
1495 914 1498 920 ’

260 1003 369 1066 negocio
387 1003 442 1066 ipso
460 1002 533 1051 iuxta
552 1008 664 1090 tenerem
682 999 823 1047 litterarum
842 999 1041 1062 apostolicarum
1060 1000 1141 1049 eidem
1159 1002 1351 1067 archiepiscopo
1364 1005 1448 1053 dirce·

261 1095 344 1137 tarum
362 1086 501 1151 diligencia
519 1093 612 1134 exacta
628 1086 753 1149 procedas
772 1098 802 1133 ac
819 1084 998 1133 nichilominus
1021 1085 1156 1150 episcopos
1182 1093 1208 1136 et
1233 1087 1297 1137 alias
1326 1102 1448 1152 personas

261 1174 322 1223 dicti
341 1171 412 1236 regui
431 1172 602 1232 cuiuscunque
620 1177 703 1220 status
721 1184 765 1219 seu
784 1169 915 1232 diguitatis
933 1169 1045 1219 existant
1063 1185 1127 1234 quos
1150 1171 1195 1220 tibi
1219 1172 1389 1224 constiterunt
1406 1187 1450 1236 per

260 1257 454 1321 inquisicionem
472 1271 547 1320 quam
566 1253 611 1304 tibi
629 1269 706 1318 super
722 1254 771 1318 hiJ's
790 1255 932 1303 auctoriate
949 1257 1106 1318 presencium
1116 1256 1296 1308 committimus
1306 1256 1449 1307 faciendam

261 1358 293 1392 ex
312 1342 485 1407 probabilibus
504 1354 549 1389 seu
568 1353 601 1388 ex
618 1339 795 1389 verisimilibus
804 1340 957 1389 coniecturis
968 1341 1080 1405 pensatis
1090 1355 1178 1389 eorum
1189 1341 1356 1405 prouentihus
1365 1342 1448 1392 minus

262 1427 348 1477 debito
365 1425 512 1477 notabiliter
530 1426 561 1474 de
580 1424 679 1474 decima
701 1425 854 1488 persoluisse
881 1426 918 1474 ita
945 1427 1014 1489 quod
1040 1441 1116 1490 super
1143 1427 1193 1476 hee
1222 1427 1332 1491 suspecti
1358 1427 1448 1476 merito
1519 1434 1523 1445 ’

262 1512 372 1562 debeant
388 1511 500 1575 reputari
518 1525 565 1560 nae
583 1525 634 1559 uon
653 1516 678 1559 et
695 1525 739 1559 eos
758 1525 790 1558 ex
818 1509 942 1574 episcopis
969 1511 1104 1560 abbatibus
1129 1511 1256 1575 prioribus
1274 1512 1378 1574 prelatis
1396 1526 1448 1561 ree-
1480 1526 1482 1531 ⁴
1509 1495 1514 1504 ³

263 1598 362 1649 toribus
380 1605 406 1646 et
423 1596 480 1646 aliis
498 1596 595 1645 clericis
613 1601 639 1644 et
657 1595 835 1645 ecclesiasticis
853 1596 968 1658 personis
985 1594 1089 1660 prelatis
1108 1610 1171 1658 quos
1190 1596 1233 1645 tibi
1252 1596 1285 1645 ob
1313 1597 1449 1660 premissas

262 1697 353 1733 causas
371 1682 644 1732 excommunicacionis
663 1680 817 1730 sentenciam
836 1694 911 1743 quam
933 1679 960 1727 in
985 1680 1057 1729 nullo
1086 1681 1164 1728 modo
1193 1688 1237 1729 aut
1263 1681 1372 1731 scienter
1397 1696 1447 1731 non

262 1768 360 1831 integre
377 1768 418 1817 vel
436 1783 486 1817 nou
503 1768 529 1815 in
547 1765 693 1816 constitutis
711 1765 852 1829 superbae
871 1765 983 1814 terminis
1013 1764 1141 1814 soluentes
1169 1766 1292 1815 decimam
1310 1766 1364 1815 siue
1383 1765 1449 1817 frau-

263 1852 320 1903 dem
337 1852 488 1903 adhibentes
506 1854 573 1902 circa
590 1852 748 1901 solucionem
766 1851 844 1914 ipsius
862 1863 907 1898 seu
925 1849 989 1898 alias
1007 1857 1149 1912 prestantes
1174 1850 1381 1915 impedimentum
1399 1866 1449 1915 quo

226 1989 232 1996 ,
262 1937 345 1988 miuus
362 1938 420 2002 ipsa
437 1939 535 1988 decima
553 1936 696 1986 solueretur
713 1933 840 1998 prolatam
858 1934 884 1983 in
901 1935 1015 1998 predicto
1040 1933 1204 1998 ergduueusi
1223 1938 1331 1987 consilio
1348 1938 1388 1987 vel
1405 1953 1451 2001 per

262 2023 370 2073 eundem
388 2022 608 2087 archiepiscopum
631 2020 769 2085 praetiterit
793 2019 937 2069 iucurrisse.
968 2034 1014 2069 uec
1040 2035 1092 2069 non
1116 2020 1243 2082 quoslibet
1259 2022 1406 2072 collectores
1424 2033 1452 2072 et

262 2122 425 2173 quoscunque
455 2108 622 2172 depositarios
647 2106 714 2154 dicte
745 2106 839 2154 decima
866 2119 899 2152 ex
929 2112 1001 2167 parte
1030 2112 1118 2154 nostra
1141 2105 1280 2155 efficaciter
1301 2122 1406 2157 moneas
1424 2116 1450 2157 et

263 2192 371 2243 inducas
388 2201 417 2243 ut
433 2191 500 2243 infra
518 2199 705 2255 competentem
724 2190 856 2239 terminum
876 2205 891 2238 a
910 2196 934 2237 tc
947 2190 1122 2252 pretigcndum
1134 2191 1236 2239 eisdem.
1250 2192 1325 2241 iidem
1338 2193 1449 2257 episcopi

264 2284 290 2329 et
306 2278 357 2329 ulie
375 2279 546 2329 ecclesiastice
563 2290 670 2340 persone
688 2276 718 2324 de
736 2275 901 2339 proventibus
919 2274 972 2324 suis
990 2274 1133 2325 huiusmodi
1157 2276 1279 2326 decimam
1304 2290 1360 2325 eum
1387 2278 1451 2327 intc-

264 2363 357 2427 gritate
375 2365 523 2428 persoluant
541 2368 566 2409 et
584 2362 615 2410 de
633 2361 777 2410 huiusmodi
795 2360 975 2423 impedimento
1002 2360 1046 2409 tibi
1075 2376 1120 2424 pro
1150 2362 1217 2412 dicte
1246 2370 1311 2411 terra
1338 2361 1450 2412 subsidio

264 2447 368 2511 plenam
385 2455 411 2497 et
429 2448 539 2497 debitam
558 2444 762 2495 satisfaccionem
781 2445 935 2509 impendant.
979 2444 1139 2496 Collectores
1166 2461 1264 2509 queque
1291 2447 1397 2510 predicti
1421 2449 1452 2497 do

264 2532 378 2583 collectis
397 2534 429 2582 ab
448 2534 483 2583 eia
502 2533 547 2582 tibi
566 2533 673 2581 reddant
689 2531 830 2594 plenariam
848 2530 977 2579 racionem
1001 2544 1031 2579 ac
1056 2530 1134 2593 ijdcm
1161 2531 1307 2595 depositarij
1335 2532 1453 2596 deposita

265 2624 368 2681 recepta
385 2625 500 2667 cessante
519 2614 669 2665 difficultate
691 2615 805 2678 qualibet
830 2613 897 2663 iufra
921 2616 1065 2664 huiusmodi
1095 2616 1230 2665 terminum
1259 2617 1453 2667 tihi'studeaut

265 2701 385 2752 exhibere
403 2709 430 2752 at
447 2701 625 2751 nichilominus
643 2700 701 2749 illos
719 2714 751 2747 ex
769 2700 886 2764 personis
904 2700 998 2748 eisdem
1017 2699 1059 2763 qui
1078 2701 1179 2750 monitis
1204 2702 1252 2751 tuis
1271 2703 1296 2751 in
1315 2703 1363 2751 hae
1381 2709 1452 2767 parte

264 2788 395 2853 paruerint
412 2786 445 2837 ah
462 2785 738 2838 excommunicacionis
757 2784 892 2834 sentenciis
911 2784 931 2834 si
950 2799 1013 2848 quas
1031 2787 1200 2850 propter'hoc
1227 2787 1376 2839 incurrerint
1393 2803 1453 2838 auo-

265 2874 368 2923 toritate
386 2880 474 2923 nostra
490 2875 564 2921 iuxta
581 2870 688 2920 ecclesie
706 2868 815 2919 formam
833 2870 954 2919 absoluas
972 2878 999 2919 et
1016 2871 1146 2935 dispensas
1165 2885 1222 2920 cum
1240 2873 1277 2922 cis
1299 2889 1375 2937 super
1391 2874 1452 2923 irre·

265 2959 401 3021 gularitate
420 2958 441 3006 si
459 2972 509 3020 qua
526 2958 686 3006 incurrerunt
703 2954 823 3018 predictis
840 2954 912 3016 ligati
932 2955 1067 3005 sentenciis
1086 2957 1172 3005 diuina
1189 2955 1275 3006 officia
1300 2959 1452 3008 celebrando

265 3043 307 3091 uel
324 3057 351 3092 se
369 3042 536 3092 immiscendo
555 3041 657 3089 eisdem.
698 3038 772 3100 Qvod
792 3042 811 3089 si
831 3039 895 3088 tales
913 3038 979 3089 intra
996 3043 1146 3104 premissum
1164 3049 1263 3106 tempus
1282 3045 1331 3094 tuis
1350 3045 1452 3094 monitis

265 3141 353 3190 parere
377 3125 443 3176 sorte
465 3125 665 3186 contempserint
690 3127 823 3189 episcopos
850 3132 876 3174 et
902 3125 966 3174 alias
991 3140 1116 3189 personas
1142 3124 1253 3189 pretatur
1280 3143 1343 3191 quos
1370 3128 1454 3177 taliter

265 3218 398 3277 suspectos
414 3211 527 3262 inuenies
545 3211 697 3260 auctoritate
717 3213 831 3275 predicta
849 3210 992 3259 nomitatim
1002 3211 1174 3260 ecclesiastica
1186 3225 1294 3262 censura
1305 3213 1452 3276 compellas.

264 3297 300 3346 Et
318 3299 339 3347 si
358 3295 406 3360 ipsi
424 3310 565 3360 perunum
583 3309 696 3343 mensem
714 3309 846 3344 censuram
864 3295 1010 3343 huiusmodi
1029 3295 1194 3346 sustinuerint
1216 3296 1306 3346 animis
1330 3296 1453 3346 induratis

265 3396 308 3432 eos
334 3389 429 3431 extunc
458 3390 484 3430 et
512 3380 575 3429 alios
605 3380 839 3429 excommunicatos
869 3380 1020 3429 collectores
1050 3387 1076 3429 ct
1102 3381 1271 3444 depositarios
1297 3385 1452 3431 memoratos

264 3465 434 3532 peremptorie
452 3466 530 3514 citare
548 3479 668 3527 procures
686 3472 715 3513 ut
731 3463 798 3513 inira
816 3466 984 3528 competentis
1002 3466 1104 3514 termini
1121 3466 1235 3528 spacium
1254 3481 1269 3514 a
1287 3473 1312 3514 te
1330 3465 1453 3529 prefigen-

265 3553 326 3602 dum
344 3552 439 3601 eisdem
455 3558 515 3614 post
532 3550 678 3598 citationem
699 3556 767 3597 tuam
785 3564 831 3614 per
848 3565 875 3599 se
898 3550 940 3598 uel
964 3564 1009 3613 per
1035 3554 1213 3613 procuratores
1241 3553 1355 3615 ydoneos
1385 3565 1452 3600 eom·

264 3645 371 3701 pareant
383 3618 474 3684 'coram
493 3633 565 3684 nobis
583 3635 677 3683 nostris
696 3649 772 3697 super
788 3635 837 3683 hec
854 3636 982 3684 mandatis
1001 3641 1026 3684 et
1042 3634 1208 3698 beneplacitis
1230 3636 1336 3698 parituri
1354 3651 1384 3685 ac
1401 3635 1453 3685 iac-

265 3722 314 3771 turi
332 3729 358 3771 et
376 3721 502 3784 recepturi
520 3721 588 3782 quod
614 3719 716 3768 iusticia
742 3719 863 3768 suadebit.
911 3719 987 3768 Dicto
1012 3735 1072 3769 vero
1099 3721 1230 3792 citacioniq
1254 3731 1280 3770 et
1305 3722 1453 3784 prefixionia

264 3806 411 3856 huiusmodi
430 3812 455 3853 et
472 3806 590 3868 quiequid
609 3819 684 3868 super
702 3804 750 3852 hiis
769 3805 871 3852 duxeris
890 3803 1036 3853 iaciendum
1051 3806 1123 3854 nobis
1138 3820 1183 3869 per
1198 3813 1253 3854 tuas
1264 3806 1350 3856 literas
1359 3808 1451 3856 harum

264 3891 355 3941 sericm
373 3891 532 3941 continentes
550 3890 653 3938 studeas
670 3878 777 3938 fideliter
794 3889 919 3938 intimare.
967 3888 1086 3938 Ceterum
1113 3898 1141 3939 ut
1167 3888 1279 3940 officium
1299 3891 1343 3940 tibi
1362 3893 1386 3941 in
1404 3893 1453 3940 hac

263 3984 335 4039 parta
353 3976 518 4025 commissum
536 3974 622 4023 utilius
641 3981 666 4022 et
684 3973 813 4023 efficacius
832 3974 917 4024 valeas
936 3989 1055 4024 exercere
1073 3975 1239 4040 compellendi
1266 3975 1379 4040 prelatos
1397 3991 1452 4041 prc-

264 4062 330 4112 lates
349 4061 463 4124 aliasque
481 4075 603 4124 personas
622 4059 806 4109 ecclesiasticas
824 4060 926 4108 illarum
943 4063 1058 4124 parcium
1081 4061 1113 4109 ad
1140 4061 1324 4123 prouidendum
1351 4062 1395 4110 tibi
1423 4063 1454 4110 de

265 4161 355 4197 securo
374 4147 504 4196 conductu
522 4160 578 4194 cum
598 4160 613 4193 a
632 4154 655 4193 te
674 4159 749 4208 super
772 4146 821 4194 hoc
849 4143 943 4193 suerint
970 4145 1082 4208 requisiti
1110 4159 1140 4193 ac
1168 4147 1287 4209 exigendi
1314 4147 1400 4209 legata
1429 4155 1455 4195 et

265 4230 437 4281 obueucioues
456 4230 684 4293 quomodocunque
703 4230 815 4293 predicte
834 4236 900 4278 terre
918 4230 1032 4288 subsidio
1050 4231 1173 4293 deputata
1192 4230 1292 4293 plenam
1320 4232 1366 4280 tibi
1395 4247 1454 4280 auc-

265 4316 369 4367 toritate
386 4315 541 4378 presentium
560 4314 723 4385 concedimus
742 4310 899 4364 facultatem.
945 4314 1003 4364 Non
1030 4316 1147 4364 obstante
1174 4316 1194 4364 si
1221 4323 1260 4364 est
1277 4316 1403 4379 aliquibus
1421 4317 1453 4364 ah

265 4402 354 4450 eadem
372 4401 432 4450 aede
451 4400 577 4449 indultum
595 4401 664 4472 quod
682 4400 795 4449 interdici
815 4401 856 4449 uel
875 4402 1090 4451 excommunicari
1113 4409 1241 4465 nequeant
1264 4410 1310 4451 aut
1335 4402 1454 4467 suspendi

265 4494 309 4535 aut
327 4486 395 4549 quod
414 4497 512 4550 tempus
531 4485 563 4533 ad
582 4484 737 4534 solucionem
756 4486 867 4549 predicte
898 4487 993 4535 decime
1022 4493 1146 4535 statutum
1172 4487 1198 4535 iu
1227 4488 1317 4536 eodem
1344 4486 1453 4536 coneilio

266 4578 304 4619 est
321 4571 445 4634 elapsum.
481 4569 602 4619 Preterea
620 4569 665 4617 tibi
684 4571 846 4619 concedimus
866 4571 897 4620 de
915 4572 1023 4635 pecunia
1040 4571 1119 4629 ipsius
1137 4572 1233 4620 decime
1249 4573 1355 4636 singulis
1365 4571 1454 4620 diebus

265 4655 291 4704 iu
309 4654 400 4718 quibus
418 4654 486 4703 circa
504 4655 627 4717 premissa
645 4656 756 4714 necabis,
775 4657 862 4704 decem
881 4663 906 4703 et
925 4660 984 4703 octo
1002 4655 1096 4705 solidos
1107 4654 1294 4705 Turonensium
1307 4670 1453 4721 paruerum,

267 4739 307 4789 uel
325 4754 413 4789 corum
431 4739 545 4789 ualerem
564 4739 671 4803 recipias
689 4755 735 4804 pro
753 4741 856 4789 eisdem.
901 4740 998 4788 Datum
1015 4741 1096 4790 Rome
1113 4742 1181 4805 apud
1197 4749 1314 4792 sanctam
1332 4740 1452 4791 Sabinam

267 4822 316 4872 hal.
338 4821 493 4874 Nouembris
511 4823 673 4886 pontificatus
692 4826 772 4874 nostri
791 4839 858 4874 auno
876 4825 967 4886 primo.

664 4907 729 4952 (hrcb.
745 4909 786 4946 Vnt.
802 4910 848 4956 Rea.
863 4910 930 4946 Honor.
945 4908 975 4946 tv.
991 4917 1022 4948 au.
1036 4906 1059 4951 ll.
