3584 5625
819 450 920 506 11’

241 840 394 916 lingonum,
418 838 590 915 computetis
612 837 703 897 tribus
723 837 822 896 solidis
844 855 896 913 per
919 835 1004 895 diem.

326 941 394 1016 Ipse
416 959 487 998 uero
509 938 619 1015 recepit
640 957 693 1014 pro
716 939 850 1015 expensis
870 938 930 997 suis
955 965 990 975 -
1014 936 1063 1013 iijr
1099 935 1164 1011 viijr
1190 935 1279 1011 xxiiij.
1302 930 1434 995 marchas

241 1042 425 1101 denariorum
449 1057 623 1117 cupreorum
646 1059 703 1115 que
725 1040 825 1098 ualent
846 1040 883 1097 ad
905 1049 1058 1116 argentum
1080 1040 1109 1097 in
1131 1039 1259 1115 pondere
1278 1037 1372 1095 Dacis
1392 1066 1432 1076 -

241 1243 416 1320 computetis
445 1263 480 1301 .v.
511 1241 634 1300 marchis
663 1242 847 1301 denariorum
868 1261 922 1319 pro
949 1241 1081 1317 qualibet
1102 1244 1222 1301 monebo
1243 1241 1355 1317 argenti
1377 1260 1435 1317 qne

240 1346 357 1405 redacte
380 1344 418 1403 ed
438 1344 552 1421 pondus
580 1344 727 1403 Trecense
755 1352 824 1403 sunt
848 1371 882 1381 -
908 1342 950 1418 vjt
976 1342 1099 1419 lxxviiij.
1126 1345 1243 1402 marche
1276 1341 1321 1416 .vj.
1349 1342 1434 1401 vncie

240 1456 269 1505 et
289 1446 385 1503 medie
407 1445 522 1522 argenti
544 1446 581 1503 nd
604 1446 718 1521 pondus
740 1445 887 1505 Trecense
921 1463 978 1521 que
1007 1445 1165 1503 ualent-
1269 1444 1317 1519 an.
1345 1443 1433 1501 libres

239 1546 288 1623 iiij.
302 1547 355 1605 sol.
377 1555 407 1605 et
427 1545 463 1622 .ij.
487 1547 551 1604 den.
573 1546 777 1623 sterlingorum
792 1577 827 1587 -
842 1547 877 1604 de
901 1545 1006 1622 quibus
1028 1545 1161 1605 deductis
1187 1574 1218 1584 -
1245 1545 1290 1620 iije
1311 1543 1433 1620 lxxxiiij.

238 1647 318 1707 libris
341 1656 370 1706 et
391 1666 419 1705 v.
441 1647 546 1707 solidis
561 1648 774 1723 sterlingorum,
803 1646 906 1705 debitis
928 1666 981 1723 pro
1004 1646 1139 1722 expensis
1164 1646 1270 1705 taxatis
1298 1646 1352 1704 sibi
1380 1664 1433 1722 per

239 1750 349 1807 litteras
372 1747 557 1825 apostolicos,
578 1758 689 1807 restent
708 1779 750 1788 —
772 1747 862 1824 lxviij.
889 1747 962 1805 libre
985 1756 1014 1805 et
1035 1746 1132 1823 nvinj.
1152 1747 1237 1806 solidi
1259 1755 1288 1804 et
1309 1745 1346 1821 .ij.
1367 1746 1432 1804 den.

239 1849 454 1926 sterlingorum,
477 1870 550 1927 ques
570 1850 636 1927 plus
657 1851 766 1927 recepit
788 1850 850 1927 ipse
867 1848 1114 1925 superintendens
1135 1867 1188 1925 pro
1207 1848 1272 1919 snis¹
1289 1847 1432 1923 expensis,

239 1970 295 2028 que
318 1950 417 2009 nolent
438 1952 683 2010 edTuronenses.
706 1952 821 2011 cclxxv.
844 1950 934 2010 libres
955 1949 1022 2026 .xvj.
1042 1950 1094 2016 sol.
1118 1960 1147 2007 et
1167 1949 1236 2026 .viij.
1260 1950 1431 2007 denTuro·

238 2051 380 2111 nensium.

321 2153 369 2212 De
395 2152 458 2213 istis
486 2152 548 2230 ipse
577 2152 702 2212 restitnit
725 2154 798 2213 duos
820 2172 933 2230 pennos
955 2153 993 2212 ed
1014 2170 1117 2211 eurum
1145 2152 1182 2210 de
1203 2149 1334 2228 Venetijs
1355 2159 1384 2210 et
1405 2150 1431 2227 j.

238 2253 369 2331 sciphum
393 2253 504 2331 argenti
529 2254 699 2313 deauratum
722 2255 858 2332 ponderis
881 2254 938 2331 .xij.
960 2253 1110 2314 vncierum
1133 2263 1161 2311 et
1183 2254 1277 2312 medie
1299 2254 1336 2310 ad
1358 2273 1429 2330 pon·

239 2358 294 2417 dus
311 2358 487 2428 Romanum,
510 2375 583 2432 quos
606 2376 718 2432 pannos
741 2367 769 2415 et
790 2357 925 2433 sciphum
948 2356 1018 2415 dicit
1040 2374 1103 2416 esse
1123 2365 1257 2433 receptos
1284 2376 1338 2433 per
1364 2374 1429 2414 eum

239 2478 292 2536 pro
326 2458 392 2534 unvj.
414 2457 494 2517 libris
521 2458 631 2517 Turon.
659 2458 728 2517 licet
759 2459 918 2518 secundnm
947 2458 1162 2517 extimationem
1182 2459 1318 2517 nonnisi
1342 2485 1376 2495 -
1401 2477 1429 2516 x.

239 2561 303 2620 libr.
325 2562 436 2620 Turon.
459 2559 565 2618 ualent.

324 2662 363 2719 Et
396 2660 438 2720 sic
457 2669 548 2719 restat
570 2659 648 2738 quod
671 2662 733 2738 ipse
756 2662 1002 2738 superintendens
1024 2662 1060 2744 de
1082 2661 1135 2737 hijs
1157 2680 1214 2738 que
1235 2662 1301 2739 plus
1322 2661 1433 2738 recepit

238 2782 292 2841 pro
313 2762 373 2823 suis
395 2762 529 2840 expensis
550 2790 590 2800 -·
612 2761 726 2840 cclviiij.
748 2764 812 2823 libr.
835 2773 863 2823 et
874 2762 932 2840 xvj.
949 2762 1001 2823 sol.
1014 2772 1042 2822 et
1053 2763 1118 2839 .viij.
1136 2764 1200 2822 den.
1217 2763 1431 2822 Turonensinrn

240 2866 325 2925 debet
346 2865 474 2923 reddere.

322 2947 397 3024 nem
422 2993 457 3004 -
481 2964 535 3041 iiijr
556 2964 594 3041 nj.
615 2965 679 3026 ner.
702 2966 750 3043 vij.
772 2967 825 3026 201.
849 2976 878 3027 et
899 2967 967 3044 votj.
991 2968 1055 3056 ep.
1076 2967 1299 3028 resonantium.

407 3067 527 3127 snmme
553 3067 681 3126 omnium
710 3089 767 3145 que
793 3069 887 3130 dietus
916 3070 1166 3147 superintendens
1194 3070 1282 3129 debet
1310 3067 1432 3126 reddere

330 3196 356 3205 -
387 3167 434 3244 vij.
457 3187 482 3227 o.
502 3168 550 3245 xij.
572 3169 636 3229 libr.
659 3170 707 3246 iiij.
729 3171 829 3230 solet
852 3189 887 3228 .v.
910 3173 973 3231 den.
996 3171 1218 3231 Turoneneinm.

322 3489 395 3548 Item
415 3492 510 3550 adhuc
532 3499 629 3568 preter
651 3490 797 3566 predictos
819 3491 953 3552 denarios
976 3493 1062 3552 debet
1081 3492 1229 3569 assignare
1250 3520 1292 3531 —
1314 3491 1355 3568 vjt
1377 3491 1431 3550 lib·

238 3609 285 3650 ras
311 3590 526 3651 Turonensium
559 3593 660 3651 missas
688 3593 818 3652 Parisius
853 3613 906 3670 per
936 3594 1117 3671 Episcopum
1140 3594 1351 3670 Lincopensem
1383 3591 1432 3650 uel

239 3693 308 3751 dere
329 3692 441 3753 litteras
465 3694 588 3770 depositi
617 3714 670 3771 pro
693 3695 769 3754 dicto
792 3695 942 3773 Episcopo
968 3697 1004 3755 de
1027 3725 1067 3734 -
1089 3696 1152 3772 viije
1173 3696 1236 3774 xxj.
1266 3696 1347 3754 libris
1374 3692 1431 3768 .iiij.

237 3794 330 3853 solet
352 3794 409 3871 .iiij.
432 3796 497 3855 den.
511 3796 725 3856 Turonensium
748 3817 801 3874 pro
824 3797 905 3858 cccl.
927 3799 1052 3858 merobis
1073 3799 1185 3875 argenti
1195 3798 1247 3856 fini
1258 3817 1315 3874 qne
1327 3797 1433 3856 debent

239 3896 344 3974 deponi
365 3907 453 3974 prout
475 3918 564 3974 supro
587 3899 700 3957 dicitur.
794 3949 797 3956 .

322 3999 362 4058 Et
384 3999 478 4076 primo
500 4000 659 4059 notandum
682 4010 726 4060 est
747 4002 778 4058 in
800 4001 913 4059 ratione
934 4001 1047 4060 reddite
1072 4021 1125 4079 per
1153 4002 1262 4061 dictum
1289 3999 1431 4076 archiepi-

237 4119 359 4177 scopum
383 4100 586 4160 Arelatensem
610 4102 689 4178 quod
709 4102 739 4159 in
762 4101 860 4179 aliqua
882 4103 994 4163 ratione
1016 4103 1129 4162 reddite
1150 4123 1203 4180 per
1224 4122 1291 4162 eum
1318 4111 1378 4161 tem
1401 4102 1430 4160 in
1504 4170 1510 4190 .

237 4203 368 4278 partibus
390 4203 446 4261 illis
469 4222 557 4279 quam
579 4202 625 4261 hic
644 4203 674 4261 in
697 4202 778 4263 curie
799 4223 857 4262 non
878 4204 1025 4263 inuenitur
1046 4205 1159 4264 reddite
1184 4224 1237 4282 per
1263 4202 1431 4281 particulas,

237 4303 288 4361 sed
309 4323 362 4380 per
383 4305 524 4380 quasdam
547 4325 681 4364 summes.

322 4405 395 4462 ltem
418 4407 497 4481 quod
520 4407 555 4464 de
577 4406 702 4482 receptis
725 4407 811 4466 etiem
832 4415 900 4467 ante
929 4409 1070 4467 rationem
1102 4409 1246 4468 redditam
1279 4429 1331 4485 per
1363 4427 1430 4467 eum

238 4526 335 4565 coram
364 4507 483 4585 prelatis
510 4508 626 4567 illarum
656 4509 781 4584 partium
810 4529 863 4587 per
890 4512 1031 4569 rationem
1059 4511 1105 4571 hic
1128 4512 1277 4570 redditam.
1299 4510 1365 4588 plus
1386 4512 1429 4568 in·

237 4608 354 4667 uenitnr
386 4628 474 4685 quem
511 4609 551 4668 ibi
579 4610 663 4668 inerit
691 4610 868 4686 assignatum
897 4612 973 4672 sicut
999 4621 1121 4689 apparet
1152 4613 1181 4671 in
1213 4609 1331 4672 summis
1363 4611 1430 4671 libri

236 4710 386 4784 presentis.
