3584 5625
862 474 921 534 145

290 659 434 711 sustentari
451 672 503 709 nou
520 664 635 723 possunt,
653 659 698 707 aad
715 672 761 721 pro
776 657 955 707 hobendanite
968 672 1012 707 sue
1023 658 1226 710 substentatione
1238 676 1357 713 necessse
1373 665 1486 715 habeant

296 746 397 811 publice
414 744 568 804 mendicare,
587 750 613 791 et
630 743 799 792 helemosinas
817 750 910 805 petere.
929 757 1032 791 seruarc
1049 743 1146 805 poteris
1164 747 1231 808 quod
1254 746 1280 795 iu
1306 748 1485 799 declarationi·

296 832 343 881 bus
361 843 438 893 super
453 828 534 893 ipsius
552 829 648 877 decime
667 822 820 888 [collectione]
839 827 915 876 editis
931 828 1030 891 plenius
1056 828 1207 878 continetur.
1251 832 1347 881 Datum
1374 832 1483 896 Viterbij

296 915 330 978 ij.
349 929 431 965 nonas
448 912 598 964 Decembris
616 912 781 978 pontificatus
799 913 880 961 nostri
898 927 965 961 anno
982 912 1072 975 primo.

650 994 715 1044 iarah.
731 996 772 1035 ilat.
785 995 831 1043 neg.
845 996 887 1035 lah.
903 997 944 1034 xxi
970 1007 1000 1033 an.
1017 996 1031 1035 Ι.
1047 1007 1076 1043 ap.
1090 995 1131 1039 96).

661 1138 689 1194 8.
738 1137 826 1194 1276.
870 1137 927 1194 ide
948 1136 1121 1194 December.

364 1253 497 1303 lohannes
516 1252 651 1315 episcopua
669 1266 734 1301 aem.
754 1266 850 1300 seruor.
869 1252 908 1300 dei
927 1251 1064 1300 venerabili
1089 1250 1161 1299 fratri
1180 1288 1186 1300 .
1205 1288 1211 1299 .
1230 1254 1422 1319 archiepiscopo
1441 1257 1490 1306 Ni-'

297 1338 420 1388 droaieusi
439 1339 548 1387 salutern
566 1344 592 1386 et
609 1337 718 1401 apostol.
737 1336 861 1385 benedict.
898 1336 1052 1400 Accepimus
1070 1345 1094 1384 te
1112 1337 1205 1385 nostris
1224 1339 1327 1387 auribus
1344 1341 1485 1402 intimante,

296 1424 365 1487 quod
382 1431 410 1473 tu
429 1424 460 1473 de
478 1422 581 1472 ciuitate
598 1421 762 1484 Lugdunensi
781 1421 889 1470 coneilio
899 1422 959 1470 inibi
973 1421 1101 1470 celebrato
1114 1423 1232 1472 recedens
1245 1424 1277 1473 ob
1292 1425 1484 1489 naufragiorum

296 1508 441 1559 discrimina
459 1522 507 1571 que
525 1508 568 1556 uia
586 1508 662 1556 maris
681 1522 725 1571 per
744 1508 810 1570 quod
829 1514 853 1554 te
872 1506 986 1570 oportuit
1003 1507 1137 1556 transitum
1164 1506 1255 1568 iacere,
1282 1511 1395 1559 seuieute
1424 1519 1484 1560 tnnc

296 1594 386 1659 hyeme
403 1593 556 1653 minabatur,
574 1600 599 1641 et
616 1602 721 1657 propter
738 1592 790 1641 alia
808 1591 884 1640 etiam
903 1590 993 1654 grauia
1005 1598 1031 1639 et
1041 1591 1141 1641 diuersa
1150 1594 1263 1656 pericula
1272 1596 1484 1658 superuenientia,

297 1693 345 1742 que
362 1693 415 1728 uon
433 1685 553 1743 poteraut
570 1678 667 1735 euitari,
686 1678 800 1726 nondum
818 1677 939 1725 maiorem
958 1677 1036 1724 etiam
1052 1684 1151 1740 partem
1168 1680 1299 1741 prouincie
1316 1680 1344 1729 in
1366 1695 1417 1743 qua
1440 1682 1483 1730 tibi

297 1764 393 1814 decime
410 1771 477 1813 terre
495 1772 582 1813 sancte
600 1763 718 1812 collectio
737 1767 775 1811 eat
793 1762 929 1811 commissa
947 1759 1050 1809 uisitare
1067 1764 1243 1824 personaliter,
1256 1764 1298 1813 uel
1315 1779 1361 1829 per
1377 1767 1484 1815 eandem

297 1852 454 1914 prouinciam
472 1850 550 1914 ipsius
568 1855 665 1898 statuta
683 1849 815 1897 notificare
833 1845 944 1908 coucilij,
961 1854 1006 1895 aut
1032 1846 1199 1909 quantitatem
1226 1860 1320 1898 certam
1344 1849 1395 1899 iarn
1421 1850 1484 1900 inibi

297 1935 404 1986 collecte
422 1934 519 1985 decime
537 1934 651 1998 potuisti.
669 1933 735 1981 vnde
753 1932 825 1981 nobis
844 1939 889 1980 tua
907 1930 1009 1980 deuotio
1018 1932 1147 1981 humiliter
1160 1934 1321 1997 supplicauit.
1335 1943 1364 1983 ut
1373 1944 1397 1983 te
1409 1951 1486 1998 super

297 2021 347 2071 hoc
363 2028 516 2071 excusatum
535 2020 566 2068 de
584 2018 741 2081 benignitate
759 2017 825 2066 sedis
844 2016 986 2081 apostolice
1005 2017 1174 2079 dignaremur.
1209 2017 1262 2067 Nos
1277 2019 1362 2082 itaque
1373 2022 1484 2069 rationa-

297 2106 372 2155 bilem
390 2106 584 2155 excuaationem
602 2111 673 2152 tuam
690 2101 824 2164 benignius
842 2102 1013 2150 admittentes.
1040 2099 1192 2150 fraternitati
1219 2110 1261 2151 tue
1280 2118 1324 2168 per
1341 2106 1485 2168 apostolica

297 2194 391 2257 scripta
408 2192 559 2241 mandamus
578 2190 695 2252 quatinus
714 2186 826 2250 diligenti
845 2188 1009 2235 meditatione
1028 2186 1199 2246 considerans,
1210 2190 1276 2250 quod
1295 2189 1320 2238 in
1333 2190 1485 2239 executione

297 2270 454 2326 collectionis
472 2274 615 2325 huiuamodi
634 2279 735 2336 gratum
755 2270 903 2334 obsequium
922 2274 970 2321 dco
988 2280 1095 2335 prestes,
1113 2271 1182 2320 circa
1199 2272 1270 2321 illam
1299 2275 1334 2322 sic
1359 2282 1485 2323 attentum

297 2370 321 2412 et
338 2360 445 2425 uigilem
463 2369 487 2410 te
506 2361 610 2409 reddere
628 2358 740 2417 studeas,
759 2365 789 2406 ut
805 2374 821 2406 a
839 2357 943 2405 domiuo
962 2357 1037 2419 digne
1055 2356 1178 2419 premium
1197 2358 1370 2406 retributionis
1391 2373 1485 2423 expec-

296 2455 343 2507 tes,
361 2454 388 2496 et
405 2445 473 2495 sodis
490 2444 631 2509 apostolice
649 2443 757 2505 gratiam
775 2442 877 2491 uberius
894 2441 1001 2505 proinde
1019 2441 1146 2489 merearis.
1190 2440 1318 2492 Volumus
1344 2452 1429 2493 autem
1456 2452 1486 2493 ut

297 2539 392 2595 quanto
410 2530 566 2594 frequentius
583 2529 678 2592 poteris
697 2528 865 2591 quantitatem
889 2527 921 2575 de
949 2526 1048 2575 decima
1076 2526 1224 2589 supradicta
1250 2527 1385 2576 collectam
1412 2529 1485 2577 nobis

296 2631 340 2682 per
357 2625 416 2668 tuas
433 2617 532 2666 litteras
549 2614 667 2663 iutimare
684 2626 811 2676 procures.
846 2610 944 2678 Datum
954 2610 1063 2673 Viterbij
1082 2609 1117 2672 ij.
1136 2624 1217 2659 nonas
1234 2612 1384 2663 Decembris
1401 2614 1485 2677 ponti·

296 2702 385 2752 ficatua
404 2702 483 2751 nostri
501 2714 567 2750 anuo
587 2699 676 2762 primo.

651 2780 717 2826 (hrcle
733 2781 773 2820 vat.
789 2780 836 2830 hag.
848 2780 889 2820 lob.
906 2781 954 2819 iiiii.
968 2791 998 2819 ru.
1014 2782 1026 2819 Ι.
1041 2792 1071 2830 ep.
1086 2779 1129 2825 97).

665 2924 691 2980 9.
739 2921 827 2979 1276.
870 2921 927 2978 lde
949 2921 1119 2979 December.

363 3039 497 3089 lohannes
516 3039 592 3103 episc.
612 3053 676 3088 seru.
700 3045 796 3087 seruor.
822 3038 862 3086 dei
890 3017 1006 3087 venerab.
1033 3037 1107 3086 fratri
1131 3043 1220 3086 nostro
1240 3074 1246 3085 .
1266 3075 1272 3086 .
1292 3037 1485 3103 archiepiscopo

295 3122 452 3174 Nidrosiensi
470 3124 545 3173 salut.
564 3135 591 3173 at
608 3123 717 3188 apostol.
740 3123 863 3173 benedict.
911 3123 997 3172 Habet
1023 3133 1066 3171 tue
1093 3121 1259 3171 fraternitatis
1285 3126 1392 3173 assertio
1416 3124 1485 3186 quod

296 3207 391 3257 dudum
409 3210 440 3258 de
459 3209 563 3258 ciuitate
581 3208 754 3271 Lugdunensi,
773 3207 883 3256 coneilio
901 3207 963 3255 inibi
979 3207 1109 3256 celebrato
1126 3209 1255 3267 recedens,
1278 3216 1383 3273 propter
1408 3209 1486 3256 maria

296 3292 396 3355 aliaque
414 3293 490 3357 plura
507 3308 555 3357 qne
574 3300 775 3358 superuenerunt
799 3293 982 3356 impedimento
1008 3293 1052 3341 uix
1079 3291 1146 3341 inira
1175 3301 1298 3343 semestre
1327 3300 1426 3356 tempus
1453 3293 1486 3342 ad

297 3385 365 3426 tuam
384 3378 490 3442 potuisti
509 3378 644 3428 eeclesiam
660 3377 801 3442 peruenire.
819 3379 927 3440 ideoque
945 3378 977 3426 ob
994 3377 1114 3426 instantia
1132 3386 1192 3427 tunc
1210 3377 1375 3441 asperitatem
1386 3378 1484 3443 hyemis

296 3460 409 3511 eiusdem
426 3469 523 3513 statuta
541 3462 640 3524 coucilij
660 3460 726 3511 infra
744 3469 804 3511 tune
822 3461 945 3511 currentis
964 3462 1024 3511 unni
1041 3462 1151 3525 spatium
1169 3463 1237 3513 clerc
1255 3463 1325 3527 regni
1349 3462 1486 3525 Norwagie

297 3545 413 3600 intimare
430 3548 534 3596 minime
561 3548 673 3612 potuisti.
698 3548 889 3611 propterquod
911 3547 939 3595 in
963 3547 1083 3611 proximo
1101 3554 1161 3596 tuuc
1179 3550 1293 3612 sequenti
1311 3564 1379 3599 anno
1397 3550 1434 3598 illi
1453 3550 1486 3598 ad

298 3645 360 3693 quos
379 3640 451 3681 tuum
468 3633 553 3695 potuit
570 3632 702 3697 peruenire
719 3633 867 3682 mandatum
887 3616 1011 3680 deciulam
1030 3631 1130 3681 soluere
1150 3632 1311 3684 inchoarunt.
1346 3633 1422 3684 Vnde
1440 3634 1486 3683 tibi

297 3716 433 3779 significari
451 3717 554 3781 petebas
573 3724 657 3767 utrum
676 3718 706 3767 da
735 3717 896 3782 beneplacito
923 3717 1064 3779 apostolice
1093 3717 1160 3766 sedis
1186 3720 1307 3782 procedat
1334 3727 1362 3768 ut
1391 3720 1486 3768 decime

297 3803 369 3864 primi
387 3803 447 3851 anui
466 3802 539 3852 dietis
557 3803 654 3853 clericis
673 3802 840 3862 remittuntur,
859 3817 892 3852 an
911 3809 939 3850 ut
956 3801 1085 3866 completo
1104 3816 1171 3850 anno
1189 3811 1249 3866 post
1265 3805 1331 3853 idem
1350 3804 1486 3853 concilium

298 3900 343 3934 sex
361 3887 420 3936 anui
439 3888 575 3938 decimales
594 3889 717 3952 incipiant
733 3887 868 3937 numerari.
904 3887 957 3937 Nos
971 3887 1049 3949 igitur
1060 3887 1092 3935 ad
1105 3889 1292 3950 promotionem
1305 3888 1402 3952 negotij
1420 3898 1486 3938 terre

298 3980 384 4023 sancto
402 3973 511 4029 sollicite
528 3974 696 4033 intendentes,
716 3987 762 4022 nee
781 3974 898 4022 uolentes
916 3972 1055 4021 subsidium
1077 3972 1190 4035 predicte
1216 3979 1281 4022 terre
1311 3974 1415 4023 diminui
1442 3974 1486 4022 sed

299 4058 393 4121 augeri.
412 4057 565 4108 fraternitati
583 4065 626 4108 tue
644 4073 689 4123 per
705 4058 848 4122 apostolica
865 4059 958 4122 scripta
975 4057 1126 4106 mandamus
1144 4057 1262 4120 quatinus
1285 4060 1412 4123 predictos
1439 4073 1486 4107 sex

299 4143 433 4193 decimales
452 4158 533 4192 annos
551 4145 583 4192 ab
602 4144 672 4193 exitu
690 4143 764 4208 primi
783 4145 842 4193 anui
860 4151 919 4208 post
936 4143 1071 4192 concilium
1089 4143 1262 4205 supradictum
1275 4144 1380 4208 incipias
1399 4157 1486 4192 nume·

299 4244 361 4291 rare,
380 4236 409 4278 ut
425 4229 540 4293 predicta
557 4236 624 4278 terra
641 4243 764 4294 concesso
782 4228 830 4278 sibi
847 4228 960 4277 subsidio
978 4227 1005 4276 in
1023 4227 1109 4290 aliquo
1127 4227 1229 4277 minime
1242 4227 1414 4279 defraudetur.
1432 4228 1486 4278 Da·

300 4320 352 4363 tum
370 4313 481 4377 Viterhij
501 4314 535 4376 ij.
554 4329 634 4364 nonas
651 4312 803 4364 Decembris
819 4314 983 4378 pontificatus
1001 4312 1084 4362 nostri
1103 4327 1170 4361 anuo
1188 4313 1277 4376 primo.

656 4396 721 4441 (frah.
737 4394 778 4437 Val.
793 4398 837 4445 ling.
852 4398 894 4436 loh.
913 4397 960 4436 xxt.
976 4406 1006 4437 tn.
1020 4398 1034 4436 i.
1049 4408 1077 4446 ep.
1092 4391 1131 4437 iifl).

677 4539 724 4597 ιο.
770 4539 857 4596 rnre.
902 4539 971 4596 cra
990 4496 1112 4596 ianuar.

366 4653 488 4704 Nicolaus
507 4653 583 4717 episc.
603 4668 668 4703 seru.
688 4669 783 4703 seruor.
803 4654 843 4703 dei
856 4653 974 4702 venerab.
991 4650 1063 4702 fratri
1078 4690 1084 4701 .
1099 4688 1105 4700 .
1118 4653 1311 4718 archiepiscopo
1328 4652 1486 4702 Nidrosiensi

300 4739 373 4788 salut
392 4746 418 4788 et
436 4738 545 4802 apostol.
564 4737 687 4787 benedict.
723 4739 876 4789 Litterarum
895 4746 997 4787 tuarum
1015 4739 1093 4787 series
1110 4738 1184 4786 uobis
1207 4752 1288 4802 nuper
1299 4737 1413 4788 exhibita
1425 4750 1486 4785 eon·

301 4825 404 4886 tinebat,
422 4824 490 4887 quod
508 4823 620 4872 secundo
639 4837 706 4873 anno
725 4825 894 4875 concessionis
914 4823 1010 4872 decime
1029 4824 1054 4872 in
1065 4821 1231 4885 Lugduueusi
1250 4823 1359 4873 concilio
1378 4837 1422 4887 per
1440 4836 1486 4869 sex

1247 4895 1286 4951 10
