3584 5625
785 405 837 499 '⁸17

221 631 282 688 cias
303 650 340 688 ac
363 629 474 688 viarum
497 627 627 705 pericula
645 636 675 686 et
686 628 808 685 aliorum
820 627 1009 702 negociorum
1020 627 1232 703 oceupaeiones
1243 647 1300 685 non
1313 647 1411 705 posse·

221 731 259 789 tis
277 729 418 790 l'lorcitan
441 731 479 788 ad
510 731 577 794 loca
610 739 639 786 et
671 747 809 804 personas
841 728 966 804 singula,
989 729 1150 804 dequibus
1173 740 1248 787 esset
1269 749 1322 806 pro
1344 749 1410 806 pre·

223 832 307 892 dietis
330 832 496 908 expediens,
517 829 707 907 personaliter
725 849 778 888 uos
801 828 989 899 conferrent
1011 831 1129 904 quaudo
1151 840 1180 888 et
1201 831 1259 899 vbi,
1282 850 1317 887 ae
1339 850 1411 907 quo·

223 934 301 993 ciens
324 932 519 1009 cognoueritis
542 931 688 1008 expedire,
697 931 816 1006 prolatis
833 931 881 987 uel
904 930 968 989 aliis
990 933 1119 1006 personis
1141 932 1354 1002 aeclesiasticis,
1377 933 1413 988 dc

224 1035 434 1110 quibusuobis
456 1034 611 1105 uidebitur,
633 1032 755 1090 valeatis
777 1031 941 1108 superbiis
970 1032 1148 1092 committere
1180 1033 1259 1092 vices
1292 1044 1413 1103 uestras,

223 1136 307 1195 vobis
329 1147 358 1194 et
379 1144 508 1195 restrum
532 1134 650 1193 cuilibet
672 1134 786 1210 plenam
810 1142 839 1192 et
859 1132 981 1191 liberam
1009 1134 1194 1194 concedimus
1225 1144 1326 1193 tenore
1348 1154 1413 1212 pre·

224 1238 353 1296 sancium
375 1236 554 1296 facultatora.
604 1236 716 1294 Datum
737 1233 885 1293 Aninione
908 1234 1019 1293 decimo
1041 1234 1154 1293 kalend.
1172 1236 1308 1296 Octobris
1319 1237 1413 1312 ponti·
1444 1228 1448 1240 '
1486 1266 1492 1278 =

224 1341 327 1397 ficatus
349 1338 439 1398 nostri
461 1356 537 1395 anno
559 1337 638 1413 .xj⁸!¹⁰.

309 1441 460 1500 Jobannes
482 1439 638 1515 episcopus
658 1456 760 1496 seruus
792 1455 942 1495 seruorum
977 1436 1030 1494 dei.
1063 1437 1175 1496 dilectis
1200 1438 1265 1496 filiis
1292 1438 1414 1497 iohanni

227 1543 263 1599 da
285 1541 394 1602 Serone
415 1539 504 1617 priori
526 1547 687 1597 conuentus
708 1536 827 1595 fratrum
851 1538 960 1598 ordinis
982 1540 1196 1616 predicatorum
1219 1541 1255 1597 de
1284 1540 1415 1616 Figiaco,

227 1643 424 1713 caturcensis,
436 1652 465 1699 et
487 1641 637 1699 Bernardo
660 1641 695 1697 de
718 1639 828 1700 Ortolis
846 1640 952 1698 rectori
964 1640 1084 1698 ecclesie
1096 1641 1132 1698 do
1145 1641 1316 1710 Nouellbus,
1328 1623 1414 1700 Elec·

227 1745 316 1804 tensis
338 1742 506 1814 diocesium,
518 1742 677 1818 apostolice
699 1742 775 1800 sedis
797 1743 919 1815 nunciis,
930 1742 1053 1801 salutem
1071 1752 1101 1800 et
1117 1743 1305 1820 apostolicam
1329 1747 1415 1802 bene·

228 1844 398 1905 diceionem.
443 1844 517 1903 Cum
551 1862 665 1901 annuus
697 1844 746 1918 qui
778 1843 913 1903 denarius
935 1844 1011 1901 beati
1034 1844 1115 1901 Petri
1137 1855 1268 1918 vocatur,
1291 1855 1319 1903 et
1341 1846 1416 1905 alius

229 1947 320 2005 eciam
343 1965 447 2005 census
468 1945 498 2003 in
519 1945 677 2021 Norwegie
699 1945 811 2005 Swecie
834 1965 869 2004 ac
897 1944 991 2005 Gocie
1013 1946 1109 2022 regnis
1130 1948 1213 2007 nobis
1236 1957 1265 2005 ot
1286 1950 1416 2006 Romane

230 2047 350 2108 ecclesie
372 2048 541 2105 debeantur.
564 2066 617 2105 nos
639 2048 769 2105 volentes
796 2048 903 2106 nostris
936 2057 964 2105 et
996 2047 1117 2107 ecclesie
1146 2049 1275 2126 predicte
1306 2049 1417 2108 iuribus

229 2150 402 2226 prospicere.
425 2167 461 2207 ac
483 2149 519 2205 de
541 2156 635 2207 vestre
658 2149 930 2223 circumspeccionis
951 2149 1092 2207 industria
1112 2150 1228 2226 plenam
1250 2151 1279 2209 in
1302 2152 1418 2210 domino

222 2252 365 2309 fiduciam
387 2249 558 2308 obtinentes.
581 2250 706 2326 petendi,
719 2249 883 2325 colligendi,
895 2251 1039 2327 exigendi,
1062 2259 1090 2308 et
1111 2251 1277 2328 recipiendi.
1299 2272 1352 2328 per
1365 2271 1419 2310 uos

230 2353 279 2410 uel
301 2352 389 2410 alium
412 2371 464 2410 seu
486 2352 568 2422 alios,
591 2370 694 2410 census
717 2351 872 2426 predictos,
886 2372 904 2410 a
920 2352 1050 2428 personis
1067 2353 1270 2412 ecclesiasticis
1287 2363 1315 2411 et
1336 2373 1418 2413 secu·

230 2452 341 2513 laribus
363 2472 518 2529 regnorum
541 2453 747 2528 predictorum,
769 2453 977 2530 cuiuscumque
999 2454 1056 2511 sint
1078 2454 1280 2529 preminencie,
1302 2455 1420 2528 ordinis,

233 2552 419 2624 condicionis,
441 2565 471 2613 et
492 2564 593 2627 status,
615 2554 708 2618 eciam
729 2555 753 2613 si
774 2551 933 2631 pontificali
955 2555 1003 2614 uel
1026 2556 1130 2631 quouis
1152 2556 1209 2614 alia
1241 2558 1421 2632 promineant

233 2656 452 2732 dignitatatem
474 2675 527 2732 pro
549 2665 679 2733 tempore
701 2675 759 2733 quo
779 2657 865 2715 soluti
887 2675 945 2714 non
968 2668 1034 2715 sunt
1056 2677 1145 2733 quam
1168 2658 1259 2717 eciam
1279 2659 1307 2715 in
1324 2668 1420 2735 poste-

230 2777 294 2817 rum
317 2758 465 2835 usquead
487 2757 703 2834 beneplacitum
725 2759 883 2835 apostolice
905 2758 990 2832 sedis,
1012 2759 1183 2818 inlormandi
1216 2763 1333 2838 quoque
1367 2780 1421 2819 vos

231 2878 318 2937 super
335 2860 483 2937 premissis
509 2861 677 2937 simpliciter
706 2870 735 2918 et
756 2862 792 2919 de
814 2861 911 2937 plano,
924 2862 985 2920 sine
1006 2863 1127 2938 strepitu
1150 2873 1178 2922 et
1199 2864 1293 2940 figura
1313 2863 1422 2937 iudicii,

231 2961 255 3021 si
276 2961 405 3020 videritis
427 2962 573 3038 expedire,
596 2981 650 3020 nec
672 2981 728 3020 non
750 2963 978 3022 contradictores
1000 2976 1029 3022 et
1050 2965 1174 3025 rebelles
1186 2985 1221 3024 ao
1233 2965 1422 3043 impedientes

232 3081 431 3138 quoscumque
453 3082 505 3138 per
527 3082 678 3122 censuram
701 3064 925 3124 ecclesiasticam
945 3067 1224 3144 appellaeionepost
1236 3068 1422 3143 positaoom·

157 3236 164 3247 Ι
233 3163 378 3247 pascendi,
399 3181 457 3221 non
480 3163 661 3222 obstantibus
682 3165 706 3222 si
728 3166 768 3224 eis
790 3167 837 3224 uel
858 3188 958 3226 eorum
981 3168 1126 3245 aliquibus
1153 3169 1343 3227 communiter
1375 3169 1423 3226 uel

233 3264 347 3323 diuisim
369 3265 406 3322 ab
429 3265 530 3323 eadem
553 3267 590 3323 sit
622 3266 690 3322 sede
724 3267 874 3340 indultum,
891 3271 987 3347 -quod
1019 3271 1163 3343 interdici,
1195 3271 1342 3346 suspendi,
1374 3270 1422 3327 uel

234 3365 479 3425 excommunicari
496 3383 556 3422 non
575 3365 686 3440 possint
706 3387 759 3442 per
774 3369 884 3429 litteras
902 3371 1077 3446 apostolicas
1089 3392 1146 3430 non
1159 3371 1296 3430 iacientes
1307 3373 1424 3447 plenam

234 3477 263 3527 et
285 3484 461 3544 expressam,
473 3483 508 3522 ae
531 3465 567 3521 de
590 3467 680 3524 uerbo
703 3470 740 3525 ad
757 3472 877 3528 uerbum
890 3472 1049 3530 deindulto
1061 3472 1224 3531 huiusmodi
1237 3473 1425 3543 mencionem,

235 3578 264 3626 et
284 3566 436 3644 quibusuis
458 3565 627 3642 priuilegiis,
649 3569 848 3645 indulgeneiis,
872 3582 901 3630 et
928 3574 1030 3631 litteris
1052 3574 1219 3649 apostolicis
1242 3575 1425 3649 generalibus

167 3745 172 3756 .
234 3670 282 3727 uel
304 3668 480 3746 specialibus
502 3668 733 3747 quibuscumque
756 3675 908 3743 concessis,
920 3695 973 3752 per
995 3669 1051 3750 que
1064 3677 1214 3734 commisse
1237 3677 1320 3733 vobis
1342 3685 1424 3752 pote·

234 3770 316 3829 statis
338 3768 492 3829 ecceoucio
515 3770 646 3844 impediri
668 3784 845 3850 possetque
868 3777 955 3832 modo
978 3775 1049 3834 libet
1076 3777 1123 3834 uel
1154 3776 1271 3851 differri,
1293 3777 1424 3853 quitandi

233 3889 361 3947 quoque,
383 3878 412 3928 et
434 3869 604 3927 absoluendi
633 3878 682 3930 eos
710 3893 728 3931 a
761 3877 866 3951 quibus
898 3896 1002 3937 census
1035 3852 1201 3955 receperitis
1233 3879 1425 3954 supradictos.

235 3973 272 4030 de
293 3992 328 4031 eo
350 3971 430 4048 quod
450 3972 489 4029 ab
510 3971 578 4047 ipsis
599 3972 730 4049 recipere
748 3995 801 4036 uos
820 3979 978 4056 continget,
1005 3979 1120 4056 plenam
1142 3981 1225 4039 vobis
1247 3990 1276 4038 et
1298 3990 1426 4038 vestrum

303 4223 422 4272 nederste
438 4221 528 4285 Linjer
545 4222 575 4272 al
588 4222 823 4291 nrcstloregaaende
842 4229 917 4290 Blad‚
936 4232 973 4280 thi
995 4232 1039 4280 det
1065 4247 1092 4280 er
1118 4233 1177 4282 ikke
1206 4232 1373 4296 sondsynligt,
1399 4241 1427 4282 at

305 4305 342 4354 alt
359 4306 402 4355 det
419 4308 507 4369 arrigo
525 4307 600 4357 deraf
615 4324 660 4358 var
677 4311 835 4377 ubeskrevet,
854 4329 888 4375 og
906 4329 947 4363 om
966 4316 1079 4365 Skriftcn
1097 4318 1182 4380 cndog
1209 4317 1273 4367 forst
1298 4318 1426 4382 begyudte

304 4406 354 4453 paa
371 4392 456 4441 andan
470 4392 531 4443 Side
549 4393 577 4443 al
592 4395 694 4455 Bladet,
712 4404 809 4447 maatte
827 4400 896 4448 detta
915 4402 966 4465 dog
983 4403 1144 4452 idetmindste
1163 4405 1228 4453 have
1245 4403 1343 4452 kunnct
1359 4419 1427 4452 rum·

303 4483 355 4523 met
372 4483 398 4524 et
415 4475 467 4524 Par
483 4478 565 4528 Breve
584 4479 621 4529 til.
656 4481 699 4531 Da
716 4483 740 4530 vi
760 4483 811 4545 dog
830 4484 908 4546 ingen
925 4486 1034 4536 bostemt
1049 4487 1147 4538 Vishcd
1166 4491 1230 4538 have
1244 4489 1427 4548 herom,enten

305 4561 363 4608 med
381 4560 487 4625 Hensyn
506 4565 535 4613 til
552 4564 679 4626 Autallct,
698 4566 760 4615 oller
777 4583 819 4617 om
836 4567 974 4620 Indholdet
998 4573 1027 4621 af
1050 4575 1081 4622 de
1100 4572 1296 4639 ssudsynligviis
1315 4573 1427 4622 indlorte

304 4642 394 4705 Breve,
412 4645 477 4696 have
495 4650 519 4697 vi
538 4649 560 4711 ej
580 4649 652 4699 villet
669 4658 763 4714 optage
781 4652 842 4701 flere
860 4654 906 4702 her
923 4671 973 4719 praa
990 4659 1059 4706 detto
1087 4660 1157 4720 Sted,
1185 4675 1242 4709 rnen
1268 4658 1373 4707 henvise
1398 4658 1428 4706 til

305 4732 348 4781 det
365 4732 572 4796 diplomatariske
591 4733 712 4798 Anhang,
730 4736 794 4786 hvor
812 4738 862 4786 alle
880 4740 1081 4792 vedkommcude
1095 4745 1161 4793 disse
1172 4743 1428 4793 NuneiersSendelse

304 4818 454 4868 emanerede
471 4817 617 4868 Parebreve
635 4819 715 4870 flndes
733 4822 860 4872 meddelte
878 4823 885 4871 i
905 4825 1088 4890 chronologisk
1106 4828 1200 4880 Orden.

1206 4900 1224 4958 2
