3584 5625
852 469 925 539 ἰιι

388 673 474 735 'Item
497 672 559 733 misi
581 672 726 729 ‹Iatroburn
750 671 885 727 clericum
909 690 1002 729 metim
1026 673 1052 729 in
1087 669 1252 740 Flandriam
1286 692 1339 749 pro
1361 672 1486 747 negocijs

299 776 348 835 dni
371 777 461 835 nostri
483 795 562 853 pepe
583 773 688 832 ibidem
712 771 907 847 expediendis,
930 786 958 830 ot
990 774 1068 831 stetit
1100 775 1152 850 pei·
1172 773 1239 832 .xix.
1262 775 1436 850 septimanus
1458 775 1485 831 in

298 880 347 936 vio
369 888 397 937 et
420 876 556 954 expendit
578 905 615 913 ···-
643 874 751 946 ¹usmiij.
776 874 827 931 sol.
851 894 941 949 gross.
966 876 1187 933 Turonensium.

344 1027 350 1042 .
384 981 455 1037 item
481 976 536 1051 .vj².·
553 976 600 1033 die
620 976 745 1050 Augusti
769 977 822 1033 emi
847 977 947 1053 Lybici
973 977 1042 1051 .iiij⁰.'
1069 978 1157 1052 pelles
1180 978 1345 1052 pergameni
1369 997 1420 1052 pro
1444 978 1486 1033 di·

298 1080 390 1139 uersis
411 1080 560 1156 scripturis
582 1086 611 1135 et
632 1077 705 1135 solui
729 1097 782 1153 pro
805 1079 845 1137 eis
867 1107 907 1118 -
932 1079 978 1152 iij.
1002 1098 1093 1154 gross.
1117 1080 1309 1138 Turonenses.

383 1181 456 1239 Item
479 1180 552 1238 solui
575 1198 626 1254 pro
646 1198 703 1236 vna
724 1176 807 1237 *seru
829 1182 1010 1238 neccessarie
1033 1182 1133 1256 Lybici
1145 1200 1198 1256 pro
1210 1182 1297 1238 archa
1311 1182 1432 1257 depositi
1445 1209 1485 1219 -

300 1281 358 1356 iiij.
382 1301 496 1356 grossos
518 1282 710 1339 Turonenses.
883 1349 888 1360 Ι

382 1381 456 1439 Item
480 1383 526 1439 die
549 1388 608 1439 ,ΧΨ
623 1382 748 1455 Augusti
772 1382 845 1440 solui
868 1402 920 1458 pro
944 1384 1089 1440 conductu
1112 1384 1146 1440 de
1169 1383 1286 1440 ciuitate
1309 1384 1426 1459 Ripensi
1456 1386 1484 1441 in

298 1484 393 1542 Dacia
413 1503 505 1560 usque
527 1483 564 1540 ad
588 1483 733 1540 ciuitatem
760 1484 951 1559 Lybicenscm
974 1485 1002 1541 in
1025 1484 1180 1541 Alomnniu
1196 1511 1237 1520 -
1256 1483 1301 1557 .vj.
1323 1485 1374 1543 sol.
1397 1504 1486 1559 gross.

300 1584 524 1644 Turonensium.

381 1683 455 1742 Item
478 1704 530 1761 pro
554 1686 686 1760 expensis
709 1686 892 1743 conductoris
923 1705 974 1760 per
996 1685 1062 1759 .viij.
1087 1685 1147 1742 dies
1181 1684 1253 1743 solui
1290 1721 1321 1729 -
1362 1686 1407 1759 iij.
1429 1688 1482 1745 sol.

297 1805 387 1863 gross.
411 1781 650 1844 Turonensiumss.

380 1885 464 1944 Item.
489 1886 534 1943 die
558 1905 614 1943 .xv.
639 1886 775 1961 Augusti,
796 1887 954 1961 significetui
983 1888 1041 1944 dito
1064 1898 1160 1945 nostro
1184 1908 1259 1964 pope
1281 1902 1400 1950 mortem
1434 1893 1482 1950 dni
1500 1888 1584 1930 ‘dm

298 1986 446 2047 Oristoiori
469 1987 557 2062 Regis
579 1987 672 2044 Dacis
695 1998 722 2044 et
745 1988 810 2044 dedi
843 1989 948 2045 nuncio
983 2008 1034 2064 pro
1067 1988 1194 2047 subsidio
1227 2010 1417 2068 expensarum
1444 2030 1479 2037 „-

299 2108 357 2147 .xx.
388 2108 478 2164 gross.
513 2089 697 2146 Turonenses
725 2099 753 2145 ct
783 2095 924 2164 expensos
957 2110 1008 2165 per
1029 2090 1093 2164 .viij.
1117 2091 1185 2152 dies.
1208 2094 1257 2168 qui
1280 2070 1401 2152 nuncius
1423 2107 1485 2152 erat
1570 2081 1572 2086 ’

298 2189 346 2247 dni
368 2188 449 2246 Petri
472 2191 508 2246 de
529 2189 576 2246 via
598 2199 630 2246 nt
652 2190 773 2247 dicebat.

383 2291 462 2348 item.
486 2291 531 2348 die
554 2311 588 2346 .v.
614 2290 789 2366 Septembris
811 2292 884 2351 solui
909 2313 960 2367 pro
984 2293 1070 2349 naulo
1092 2314 1142 2352 seu
1166 2315 1219 2371 pro
1242 2298 1329 2355 maris
1362 2298 1483 2356 transitu

298 2392 333 2449 de
355 2392 467 2469 Lybico
489 2410 581 2467 usque
603 2392 640 2448 ed
669 2392 804 2452 Sceniem
837 2394 865 2450 in
892 2395 995 2469 Regno
1027 2395 1119 2452 Dacie
1152 2398 1205 2455 iter
1237 2398 1350 2473 agendo
1384 2417 1484 2457 uersus

298 2493 432 2552 Sueciam
457 2521 491 2530 -
517 2493 562 2568 iij.
585 2494 636 2552 sol.
658 2514 748 2569 gross.
770 2494 991 2552 Turonensium.

381 2595 455 2652 Item
475 2595 549 2653 solui
572 2595 740 2653 ductoribus
763 2596 812 2671 qui
835 2615 879 2652 me
903 2595 1046 2654 duxerunt
1069 2599 1105 2655 de
1125 2600 1220 2658 Dacia
1238 2601 1265 2657 in
1287 2601 1420 2661 Sueciom
1434 2622 1485 2677 per

297 2696 385 2754 siluas
407 2705 435 2754 et
457 2696 529 2754 alias
551 2696 615 2754 uias
636 2696 750 2771 ignotas
771 2725 811 2733 -
836 2695 902 2770 .viij.
926 2697 978 2754 soi.
1002 2698 1214 2775 sterlingorum.

379 2797 453 2856 Item
476 2796 542 2872 xxj.
565 2796 611 2855 die
634 2795 770 2855 Octobris
790 2795 856 2852 veni
889 2798 926 2854 ed
960 2798 1112 2858 ecclesiam
1146 2802 1315 2862 Scarensem
1349 2803 1397 2861 ubi
1432 2825 1485 2862 nec

296 2899 391 2957 inueni
414 2899 592 2975 Episcopum
616 2918 668 2956 nec
692 2899 846 2956 canonicos
868 2919 918 2957 seu
952 2901 1084 2976 aliquem*
1114 2904 1149 2960 de
1180 2902 1315 2978 capitulo,
1338 2905 1388 2959 sed
1422 2906 1484 2962 misi

296 3000 432 3058 nuncium
454 3000 512 3056 diro
535 3001 682 3075 Episcopo
715 3001 763 3076 qui
793 3010 854 3057 erat
886 3002 914 3057 in
948 3001 1045 3059 officio
1078 3003 1263 3072 visitacionis
1296 3005 1484 3079 significando

297 3100 347 3158 sibi
371 3099 528 3159 aduentum
551 3120 656 3169 meum,
678 3104 779 3176 rogaui
803 3122 866 3160 eum
889 3104 988 3160 uenire
1011 3105 1047 3160 ud
1068 3104 1220 3163 ecelesiam
1242 3124 1323 3163 suam
1338 3106 1385 3161 nel
1406 3108 1483 3180 quod

296 3201 456 3276 assignaret
484 3203 551 3260 mibi
580 3204 675 3260 locum
709 3204 757 3260 ubi
791 3223 943 3261 occurrere
976 3205 1030 3261 sibi
1064 3225 1176 3280 possem
1211 3226 1263 3280 pro
1295 3206 1485 3280 expedicione

295 3303 481 3378 negociorum
504 3314 533 3361 et
555 3305 619 3362 dedi
654 3305 730 3361 dicto
763 3305 879 3363 Nuncio
913 3325 964 3380 pro
995 3306 1141 3364 laboribus
1175 3307 1233 3363 suis
1261 3340 1294 3347 --
1321 3307 1369 3380 iij.
1394 3328 1484 3381 gress.

297 3406 490 3466 Turonenses.

380 3506 454 3563 Item
477 3509 532 3565 emi
555 3508 599 3583 ..vj
625 3508 714 3583 pelles
737 3508 902 3582 pergameni
923 3527 975 3584 pro
995 3509 1096 3566 litteris
1113 3518 1141 3565 et
1154 3507 1335 3581 processibus
1346 3508 1485 3568 faciendis

295 3627 347 3686 pro
369 3607 474 3685 quibus
495 3609 568 3668 solui
591 3643 627 3651 -·
652 3608 798 3665 dimidiam
822 3628 948 3667 mercam
972 3610 1035 3666 den.
1058 3609 1230 3668 Sueuorum.

298 3810 470 3872 Sueuorum.

375 3913 451 3973 Item
474 3913 536 3970 misi
559 3913 694 3970 nuncium
720 3913 777 3969 dno
800 3912 949 3969 Arosienei
985 3912 1133 3988 Episcopo
1165 3913 1294 3987 rogando
1328 3915 1420 3989 ipsum
1454 3925 1485 3971 ut

296 4033 340 4072 me
361 4012 529 4072 informaret
552 4015 588 4071 de
611 4014 663 4087 hijs
685 4033 741 4088 que
764 4016 912 4071 restabunt
935 4014 961 4070 in
986 4014 1064 4070 dir-to
1087 4015 1188 4088 Regno
1203 4015 1306 4074 Suecie
1323 4014 1485 4089 colligendo

296 4134 348 4190 pro
370 4133 487 4193 camera
509 4116 557 4172 dni
581 4115 670 4173 nostri
693 4134 777 4190 popeq
800 4116 849 4190 qni
870 4116 1019 4190 rescripsit
1042 4117 1118 4191 quod
1142 4135 1197 4171 non
1214 4126 1310 4190 posset
1322 4134 1366 4171 me
1377 4117 1484 4190 scripto

297 4215 449 4275 informare
472 4217 564 4275 donec
587 4216 753 4292 loqueretur
780 4217 847 4273 mihi
882 4217 1001 4274 oraculo
1034 4217 1101 4274 viue
1135 4216 1216 4273 suecis
1248 4227 1276 4274 et
1310 4216 1374 4273 dedi
1408 4217 1484 4273 dicto

296 4319 401 4378 nuncio
428 4345 460 4355 -
488 4318 512 4392 .j.
535 4338 623 4376 marc.
646 4337 712 4376 cum
735 4317 852 4374 dimidiu
876 4318 940 4375 den.
965 4315 1152 4378 Suenorum³.

330 4462 339 4494 ¹
357 4467 412 4518 Her
429 4483 457 4518 er
474 4468 481 4516 i
500 4469 608 4531 Mergen
626 4468 684 4517 med
702 4482 733 4516 en
752 4468 835 4516 anden
852 4465 946 4516 Heand
965 4467 1068 4529 tilfejct:
1088 4462 1223 4531 „attende.“

328 4547 390 4603 Ἠ.
410 4561 428 4602 t.
457 4548 517 4616 [ap]
537 4551 641 4602 Summe
659 4553 733 4602 huius
751 4552 843 4617 pagine
863 4576 890 4584 -
914 4551 1003 4631 nliiijqr
1028 4551 1074 4600 sol.
1094 4561 1120 4602 et
1138 4549 1187 4613 .vij.
1208 4553 1263 4601 den.
1284 4566 1364 4614 gross.
1383 4551 1484 4600 Turon-

917 4634 1023 4668 ensium.

879 4703 939 4765 .viij.
958 4704 1004 4753 sol.
1025 4706 1210 4768 sterlingorum.

329 4766 384 4822 Ἠ.
405 4779 423 4821 t.
455 4767 523 4836 [up]
545 4773 650 4823 Summa
666 4774 740 4821 huius
759 4773 850 4836 pagine
879 4787 932 4834 ,inp
952 4773 999 4821 sol.
1018 4781 1044 4821 ct
1062 4773 1106 4835 .xj.
1126 4774 1181 4821 den.
1197 4771 1484 4834 gross.Tur0nensinm.

878 4839 913 4902 ij.
932 4855 1009 4889 mare.
1029 4848 1054 4889 ct
1073 4840 1117 4903 iij.
1138 4855 1174 4890 οι.
1192 4848 1292 4890 monete
1309 4839 1426 4891 Sueuice.
