3584 5625
865 422 906 480 28

383 610 471 669 Anno
493 609 542 666 dni
565 608 716 666 millesimo
738 617 810 667 ccct
832 607 925 682 xxvijc
948 616 976 665 ot
1007 607 1130 684 ‚xxviijt'
1152 607 1198 665 die
1231 608 1336 666 mensis
1368 605 1489 683 Aprilis

295 710 405 786 Recepi
427 729 481 785 ego
504 711 538 768 B.
560 711 599 767 de
617 710 727 770 Ortolis
748 709 827 768 solus
849 730 868 767 a
890 710 948 766 dno
983 709 1086 766 Elawo
1118 709 1338 785 archiepiscopo
1372 709 1486 767 Nidro·

296 812 381 870 siensi
403 812 439 868 de
460 811 578 870 denario
601 812 693 870 sancti
716 810 805 885 Penj.
835 810 970 869 videlicet
1003 830 1055 885 pro
1088 812 1258 886 episcopatu
1280 809 1487 869 Nidrosienisi.

295 1015 385 1089 gensi.
409 1014 445 1071 de
466 1014 558 1072 tribus
580 1016 662 1074 annis
684 1033 739 1072 .xc.
763 1032 875 1072 marcas
896 1031 988 1089 parue
1010 1013 1140 1088 pecunie.
1191 1012 1264 1069 Item
1293 1033 1346 1087 pro
1369 1012 1484 1087 episco-

296 1124 367 1191 patu
403 1116 582 1176 Scalothensi
614 1116 643 1173 in
679 1114 822 1174 Yslaudin
852 1115 887 1171 de
923 1124 989 1171 octo
1027 1114 1109 1173 annis
1149 1114 1197 1172 .xl.
1238 1133 1350 1173 mareas
1390 1133 1485 1188 parce

295 1226 416 1274 monete.
460 1218 533 1275 Item
556 1238 609 1293 pro
631 1217 800 1293 episcopatu
822 1215 953 1273 Furensi.
976 1215 1011 1272 de
1034 1215 1100 1289 aiij.
1112 1217 1194 1274 annis
1205 1216 1253 1274 .ix.
1265 1234 1377 1272 marcas
1390 1234 1484 1289 parue

294 1328 416 1377 monete.
459 1320 532 1377 Item
566 1338 618 1394 pro
651 1318 821 1393 episcopatu
854 1316 1061 1391 Stauangrensi
1093 1317 1130 1374 de
1162 1316 1253 1375 tribus
1279 1317 1360 1374 annis
1381 1316 1482 1391 .xxxij.

294 1438 407 1478 marcas
429 1440 519 1496 paruc
541 1430 664 1480 monete.
719 1419 839 1479 Summa
871 1418 998 1477 assendit
1030 1419 1065 1475 de
1098 1418 1230 1476 omnibus
1264 1417 1482 1493 episcopatibus

295 1522 467 1596 supradictis
494 1552 535 1561 -
557 1523 595 1579 ad
618 1520 658 1596 ,ijs
680 1540 750 1579 xxv.
774 1539 887 1578 marcus
908 1538 998 1595 parue
1021 1529 1134 1577 monete
1155 1520 1312 1577 Noricane.

774 1669 836 1747 ‚iiije
858 1670 914 1746 .xij.
936 1690 1025 1729 marc.
1049 1691 1139 1747 paruo
1161 1680 1276 1729 monete
1297 1670 1454 1730 Noricane.

357 1703 422 1783 [api
481 1708 601 1769 summa
631 1707 737 1784 pagine
775 1757 820 1831 .xj.
842 1756 894 1815 sol.
917 1777 944 1814 v.
967 1756 1031 1814 den.
1053 1757 1264 1831 sterlingorum.

293 2062 404 2122 Ortolis
426 2062 544 2123 sclusa
566 2064 703 2139 magistro
726 2062 852 2124 Suluone
875 2062 1017 2120 canonico
1039 2060 1187 2137 Bergensi.
1209 2062 1245 2118 de
1258 2060 1376 2118 denario
1387 2060 1482 2118 sancti

292 2163 372 2221 Petri
385 2163 569 2241 episcopatus
581 2163 736 2240 Bergcusis
749 2184 801 2240 pro
817 2183 874 2222 vno
892 2183 967 2222 anno
979 2191 1020 2201 -
1032 2182 1110 2220 axx.
1122 2183 1234 2221 marcas
1245 2183 1336 2239 paruo
1348 2162 1481 2238 pecunie.

375 2266 463 2324 Anno
485 2286 544 2343 quo
566 2285 655 2344 supra
673 2277 701 2324 ct
723 2286 758 2324 .v.
781 2266 828 2324 die
850 2266 956 2324 mensis
984 2265 1112 2341 Augusti
1145 2265 1254 2340 Recepi
1289 2282 1344 2341 ego
1375 2264 1411 2322 B.
1443 2264 1481 2321 de

293 2367 401 2427 Ortolis
424 2368 502 2427 solus
525 2370 560 2426 de
582 2370 700 2427 denario
722 2368 814 2427 sancti
842 2367 923 2425 Petri
955 2369 1139 2444 episcopatus
1170 2364 1393 2441 Stauangrensis
1427 2384 1480 2440 pro

292 2490 349 2527 vno
369 2489 444 2528 anno
466 2498 507 2508 -
531 2470 599 2546 .xiij.
621 2490 734 2530 marcas
755 2489 845 2546 parue
867 2470 999 2546 pecunie.

375 2572 462 2631 Anno
485 2592 543 2649 quo
572 2592 661 2649 supra
693 2580 722 2629 et
745 2570 822 2647 ¹.xj¹!¹¹¹
848 2572 894 2629 die
916 2572 1020 2630 mensis
1041 2570 1168 2647 Augusti
1190 2569 1286 2646 recepi
1309 2589 1363 2644 ego
1385 2569 1420 2627 B.
1444 2569 1479 2625 de

292 2672 401 2733 Ortolis
422 2692 440 2731 a
462 2674 520 2733 dno
543 2674 759 2750 archiepiscopo
780 2673 960 2732 Nidrosiensi
983 2692 1036 2749 pro
1059 2672 1177 2730 denario
1199 2671 1290 2730 sancti
1317 2671 1398 2728 Petri
1420 2671 1480 2746 epi-

291 2784 427 2851 scopatus
450 2774 703 2837 Grenellendensis
726 2775 771 2852 .iij.
794 2775 951 2853 lisponssos
973 2774 1107 2833 dencium
1130 2774 1165 2832 de
1187 2774 1302 2832 roardo.
1335 2782 1480 2850 postque

291 2897 367 2934 anno
401 2896 459 2954 quo
492 2898 589 2954 supra.
611 2889 640 2938 et
662 2879 705 2955 vj.
729 2879 775 2936 die
797 2877 901 2936 mensis
925 2876 1101 2952 Septembris
1124 2875 1240 2933 vendidi
1262 2876 1356 2933 dictos
1379 2876 1480 2933 dentes

291 2979 413 3036 Iohanni
435 2980 527 3056 Dipre
540 2982 702 3039 'mercatori
723 2980 919 3038 deFlandria.
941 2979 1028 3036 habui
1048 2997 1101 3054 pro
1131 2977 1261 3053 quolibet
1283 2976 1419 3053 *lisponti
1438 2966 1479 3050 '.ij.

222 3067 224 3071 ⁵
292 3080 345 3138 sol.
369 3081 438 3139 Tur.
461 3082 581 3157 argenti.
604 3083 761 3142 assenciunt
783 3081 853 3140 dicti
874 3091 932 3139 tres
950 3079 1067 3155 lisponti
1093 3108 1126 3117 -
1152 3100 1204 3137 sex
1227 3079 1343 3138 solidos.
1368 3079 1478 3136 Turon.

292 3182 413 3258 argentj.
1010 3256 1013 3262 Ι

374 3285 463 3342 Anno
487 3302 545 3362 quo
568 3303 664 3360 supra.
688 3295 717 3342 et
739 3292 818 3343 .xe
846 3284 891 3342 die
914 3284 1019 3342 mensis
1032 3283 1209 3358 Septembris
1231 3283 1406 3359 Recepimus
1428 3302 1481 3340 nos

290 3385 379 3443 frater
399 3386 543 3445 Iohannes
564 3387 599 3444 de
612 3387 729 3447 Serene.
753 3396 782 3444 et
794 3406 848 3463 ego
859 3386 1027 3444 Bernardns
1044 3387 1079 3443 de
1091 3385 1201 3445 Ortolis
1212 3386 1297 3444 simul
1313 3387 1348 3443 dc
1361 3384 1480 3442 denario

291 3488 367 3545 beati
389 3488 469 3546 Petri
492 3490 528 3547 de
550 3489 720 3566 episcopatu
747 3488 916 3549 Orcadensi.
949 3489 984 3546 de
1018 3489 1132 3546 duobus
1159 3488 1250 3546 annis.
1283 3508 1301 3545 a
1334 3488 1391 3544 dno
1418 3487 1478 3562 epi·

290 3608 379 3664 scopo
400 3590 559 3650 Orcadensi
581 3620 622 3629 -
643 3593 690 3648 .vi.
713 3591 776 3649 libr.
799 3600 827 3648 et
848 3591 976 3666 quinque
998 3589 1106 3648 solidos
1128 3589 1338 3665 sterlingorum.

374 3692 463 3750 Anno
474 3693 521 3768 diij
535 3693 686 3752 millesimo
697 3701 770 3751 .ccc⁰.
792 3691 896 3765 xxviij‘t
908 3701 937 3749 et
954 3691 1032 3766 .vij‘!¹¹¹
1043 3692 1090 3748 die
1105 3693 1211 3751 mensis
1225 3691 1294 3766 lunij
1312 3693 1477 3765 Recepmus

291 3812 343 3851 nos
365 3794 451 3852 frater
472 3795 622 3854 Johannes
645 3796 680 3852 dc
703 3796 812 3855 Serene
835 3803 864 3852 et
893 3794 929 3851 B.
953 3794 988 3851 de
1011 3793 1128 3853 Ortolis.
1151 3815 1170 3851 a
1192 3796 1249 3851 dno
1271 3793 1367 3851 Paulo
1389 3812 1477 3849 cano-

291 3895 356 3953 nico
379 3897 520 3957 Osloensi.
541 3899 577 3953 de
600 3897 716 3955 denario
740 3897 839 3958 Sancti
860 3896 942 3954 Petri
964 3896 1148 3972 episcopatus
1175 3895 1325 3957 Osloensis
1344 3915 1397 3971 pro
1419 3914 1477 3952 vno

277 4017 367 4054 anno
393 4025 426 4036 -
453 3999 519 4074 .lxij.
542 4018 654 4057 marcas
676 4020 767 4075 parue
790 4009 904 4058 monete
925 4000 1080 4058 Noricane.

760 4208 762 4213 ⁴
822 4171 875 4212 cv.
898 4172 986 4210 marc.
1007 4171 1099 4231 paruo
1121 4159 1242 4209 monete.

367 4230 432 4311 [apl
532 4237 652 4298 Summa
680 4237 785 4313 pagine
823 4237 867 4312 .vj.
890 4239 943 4296 sol.
965 4238 1077 4295 Turon.
1099 4255 1223 4312 grossor.
1246 4237 1366 4312 argentj.

191 4301 224 4338 ¹⁰¹·
239 4301 257 4340 ⁸·
273 4301 290 4337 ¹³·
823 4322 868 4397 vj.
890 4322 954 4380 libr.
976 4342 1004 4380 v.
1026 4321 1078 4380 sol.
1100 4320 1311 4398 sterlingorum.

373 4491 460 4548 Anno
482 4491 532 4548 dni
554 4491 703 4550 millesimo
726 4501 790 4551 ccc‘!
811 4492 904 4568 xxvij‘!
927 4503 956 4549 et
976 4492 1056 4567 xiiijc
1073 4492 1118 4549 die
1141 4492 1245 4551 mensis
1267 4493 1344 4551 Iunii
1366 4497 1478 4571 Recepi

291 4592 354 4668 Ego
374 4575 462 4650 irater
483 4593 628 4651 Iohannes
650 4594 686 4650 de
709 4594 818 4654 Serene
840 4615 858 4653 a
880 4596 938 4653 dno
966 4595 1061 4652 Paulo
1096 4594 1235 4652 canonico
1270 4595 1405 4655 Osloensi
1441 4598 1477 4654 de

290 4693 407 4753 denario
429 4695 506 4751 beati
527 4694 606 4752 Petri
630 4695 814 4771 episcopatus
837 4697 985 4758 Osloensis
1008 4697 1043 4754 de
1071 4715 1127 4753 vno
1157 4716 1233 4754 anno
1260 4725 1293 4733 -
1320 4698 1376 4772 .lvj.
1401 4718 1476 4757 mar·

292 4815 340 4853 cas
361 4793 406 4868 .vj.
429 4796 528 4853 vncias
550 4816 641 4871 parce
663 4797 786 4872 pecunie
808 4799 963 4858 Noricane.
