3584 5625
874 451 877 456 ⁸
931 495 989 552 rea

365 684 514 740 computata
531 677 557 725 iu
575 676 643 726 diets
660 676 734 725 totali
752 691 852 727 summa
867 692 915 742 pro
933 678 1066 749 octogiuta
1088 677 1198 743 quinque
1222 679 1331 728 marchis
1360 677 1500 727 numeratis
1529 682 1557 725 et

366 767 412 811 sex
427 762 486 813 oris
510 770 612 811 monete
638 760 792 811 Sweuicane.
823 760 893 811 Jtem
921 763 1057 812 duodecim
1084 779 1128 812 ore
1154 764 1258 827 antique
1283 761 1556 824 marcessenicme.

366 846 506 896 Residuum
523 860 585 896 uero
603 860 680 909 vsqns
703 847 737 896 ad
764 848 856 898 dictam
873 855 1008 897 'summam
1035 847 1083 898 init
1109 849 1135 897 in
1160 850 1269 911 pecnnia
1294 847 1447 898 Sueuicana.
1485 846 1558 896 Jtem

367 932 398 980 ds
427 931 536 981 ecclesia
564 938 590 979 et
614 931 709 980 diocesi
740 930 881 982 Arosiensi.
915 932 987 981 cuius
1017 933 1114 982 decime
1147 932 1390 983 summafascendit
1419 933 1453 981 ad
1486 926 1559 980 mille

366 1025 468 1065 centum
486 1017 573 1066 decem
603 1024 628 1065 et
656 1024 754 1079 septem
782 1018 900 1067 marchas
929 1024 1075 1067 numeratas
1105 1032 1162 1067 cnm
1191 1018 1303 1068 dimidia
1333 1017 1369 1068 Ju
1398 1032 1450 1081 qua
1479 1015 1558 1065 totali

367 1116 466 1152 summa
484 1098 587 1151 inerunt
600 1100 703 1163 jnclnse
728 1103 816 1151 decem
843 1109 869 1151 et
898 1110 994 1165 septem
1021 1103 1179 1152 marcheio
1202 1102 1351 1166 fragmentis
1369 1101 1469 1166 argenti
1487 1116 1559 1151 eom-

367 1193 455 1250 putate
477 1201 526 1250 pro
551 1188 714 1248 septuaginta
740 1202 786 1236 sex
813 1188 923 1236 marchis
949 1202 1007 1236 cum
1033 1187 1137 1237 dimidia
1163 1189 1231 1236 dicte
1255 1202 1334 1252 parus
1360 1195 1463 1237 moneta
1489 1187 1560 1237 Sne-

368 1272 464 1319 uicaue.
499 1270 639 1321 Residuum
657 1286 718 1321 uero
736 1286 814 1336 usqne
833 1273 865 1321 ad
883 1273 979 1322 dictam
996 1273 1102 1322 totalem
1119 1287 1244 1322 summam
1262 1272 1312 1322 init
1327 1274 1354 1321 in
1371 1272 1482 1337 pecunia
1495 1270 1561 1322 Sne·

350 1356 466 1429 uicena.
485 1370 534 1419 qne
552 1355 637 1405 omnia
654 1358 826 1421 suprascripta
843 1365 946 1422 recepta
963 1364 989 1407 et
1015 1358 1103 1406 leuata
1128 1355 1232 1407 fuerunt
1254 1358 1281 1408 iu
1306 1373 1387 1421 regno
1414 1357 1507 1407 Suscis
1534 1363 1562 1404 et

368 1441 511 1505 ponderata
527 1440 561 1489 ad
578 1440 678 1503 pondus
697 1442 728 1490 ds
746 1442 913 1492 Stocholmis.
947 1442 1013 1491 Item
1031 1443 1062 1491 de
1080 1443 1189 1491 ecclesia
1202 1442 1320 1493 Scarensi
1333 1451 1359 1493 et
1370 1441 1476 1492 diocesi.
1487 1442 1561 1492 cuius

369 1526 466 1575 decime
485 1540 584 1575 summa
602 1527 718 1576 ascendit
736 1528 769 1576 ed
786 1535 896 1590 quatuor
923 1527 993 1577 milia
1018 1534 1121 1576 centnm
1147 1527 1252 1591 triginta
1277 1537 1330 1578 tres
1355 1527 1475 1577 marchas
1500 1540 1562 1575 cum

369 1612 478 1674 quinquo
495 1612 546 1660 oris
564 1611 711 1661 numeratis.
746 1612 782 1661 Jn
800 1615 850 1676 q'ua
867 1627 967 1661 summa
984 1611 1088 1662 fuerunt
1104 1611 1202 1662 incluse
1220 1620 1333 1663 trecento
1351 1612 1443 1675 viginti
1455 1610 1562 1661 marche

369 1686 427 1745 cunr
445 1696 554 1759 quinque
570 1698 623 1745 oris
641 1698 667 1747 in
684 1698 761 1758 vasis,
778 1704 805 1746 et
822 1697 972 1760 fragmentis
990 1699 1088 1760 argenti
1101 1705 1246 1761 computate
1256 1713 1302 1761 pro
1315 1698 1384 1748 mille
1393 1695 1526 1746 sexcentis
1535 1701 1562 1743 et

369 1781 449 1831 tribus
467 1780 577 1831 marchis
595 1782 735 1831 numeratis
752 1796 811 1832 cum
828 1797 877 1831 vna
895 1797 948 1832 ora.
984 1782 1054 1831 Jtem
1071 1782 1208 1844 sexaginta
1224 1791 1323 1847 septem
1348 1783 1412 1832 libre
1438 1788 1563 1845 quatuor·

370 1866 452 1915 decim
468 1865 552 1915 solidi.
571 1873 597 1915 et
614 1873 665 1915 tres
684 1866 779 1929 denarij
799 1867 989 1930 sterlingorum.
1007 1867 1050 1931 qui
1074 1866 1188 1929 sterliugi
1214 1868 1357 1932 computati
1382 1866 1488 1917 inerunt
1514 1879 1563 1929 pro

369 1951 515 2036 quingentis
532 1950 641 2003 marchis
659 1959 685 2000 et
703 1966 749 2004 sex
767 1952 817 2001 oris
836 1966 894 2001 cnm
913 1951 1019 2001 dimidia
1036 1952 1174 2002 numeratis
1201 1960 1228 2001 ct
1253 1966 1299 2002 sex
1330 1951 1442 2014 denarijs
1470 1950 1564 2001 Suaui-

370 2036 450 2085 canis.
484 2037 625 2086 Residunm
643 2050 705 2085 nero
723 2051 802 2099 usqne
819 2037 852 2086 ad
871 2036 966 2085 dictam
984 2037 1090 2086 totalem
1108 2052 1234 2087 summam
1251 2035 1300 2088 init
1328 2038 1355 2085 in
1384 2038 1454 2087 dicta
1480 2049 1564 2101 perna

241 2136 244 2140 ·
304 2181 307 2187 ,
370 2120 477 2185 pecunie
495 2120 646 2174 Suenicana.
665 2136 772 2185 quarum
790 2122 906 2172 omnium
923 2123 1049 2171 dictarum
1066 2136 1221 2171 summarum
1240 2129 1399 2187 receptarum
1418 2127 1446 2171 ct
1463 2119 1564 2170 leuata

371 2221 434 2255 rum.
452 2205 544 2270 prefati
563 2205 739 2268 commissarij.
758 2208 922 2257 medietatem
948 2207 1088 2257 secundnm
1113 2197 1262 2256 mandatum
1291 2206 1464 2271 apostolicum
1488 2206 1564 2255 nobis

370 2290 541 2353 assignarunt.
576 2289 613 2340 lit
629 2291 684 2341 sine
702 2291 872 2342 diminucione
890 2293 1011 2355 qualibet.
1029 2292 1189 2354 integraliter
1206 2291 1374 2350 tradiderunt,
1396 2306 1443 2356 pro
1468 2304 1565 2356 expes·

371 2376 406 2425 sis
423 2391 486 2427 uero
503 2376 578 2427 factis
595 2378 623 2425 iu
640 2377 788 2426 deducendo
808 2377 928 2441 pecunias
946 2384 1021 2427 extra
1049 2391 1156 2439 reguum
1185 2375 1285 2427 Suecie.
1312 2390 1359 2439 pro
1385 2383 1459 2440 parte
1488 2376 1564 2425 uobis

371 2462 545 2524 contingente,
560 2462 716 2512 restituimus
734 2462 855 2526 predictis
872 2462 1055 2525 commissarijs
1072 2460 1209 2525 sexaginta
1226 2470 1277 2511 tres
1294 2461 1482 2511 marcbsscum
1491 2458 1566 2509 dimi-

372 2548 464 2597 diade
482 2546 753 2612 pecuniaSuenicaua
768 2554 914 2597 numeratas
933 2548 966 2596 ad
992 2548 1097 2597 modum
1123 2545 1221 2596 Suecie.
1269 2544 1339 2596 Jtem
1364 2560 1412 2609 pro
1442 2545 1564 2608 expensis

372 2632 446 2683 lactis
461 2634 490 2683 in
507 2633 651 2695 colligendo
669 2633 794 2682 decimam
811 2631 919 2682 ecclesie
937 2640 963 2681 et
981 2633 1088 2683 diocesis
1106 2630 1238 2682 Osloensis
1254 2645 1302 2692 pro
1320 2639 1393 2695 parte
1410 2630 1486 2680 nobis
1504 2644 1564 2679 con·

373 2721 486 2783 tingente
504 2718 559 2767 dari
576 2717 682 2769 lecimus
700 2718 805 2768 domino
822 2717 959 2781 Thyrkillo
990 2717 1203 2780 archipresbitero
1232 2714 1352 2766 Osloensi
1378 2714 1565 2778 quinquaginta

372 2804 490 2855 marchas
508 2803 627 2868 ponderis
645 2812 671 2854 et
687 2804 760 2866 parui
778 2802 939 2853 numismatis
958 2800 1087 2857 Noricani.
1122 2801 1159 2854 Jn
1176 2817 1290 2865 quorum
1301 2802 1484 2866 premissorum
1512 2815 1564 2849 osn-

372 2891 443 2939 nium
462 2889 642 2939 testimonium.
661 2889 774 2953 sigillum
791 2898 906 2939 nostrum
924 2888 1084 2952 presentibus
1102 2887 1222 2937 duximus
1251 2887 1439 2951 apponendum.
1465 2886 1565 2936 Datum

374 2973 469 3038 Osloye
487 2988 555 3023 anuo
573 2973 669 3024 domiui
686 2984 726 3033 m⁰‚
750 2984 807 3034 ecoe
834 2973 956 3024 vicesimo
974 2980 1075 3023 octauo.
1106 2971 1143 3022 Jn
1162 2970 1275 3022 crastino
1292 2969 1564 3035 assumpcionisbeste

373 3059 476 3122 virginis
493 3058 584 3108 Marie.
728 3055 729 3059 ’
1466 3066 1467 3073 ’

803 3141 868 3200 (liitsr
880 3143 932 3190 nipl.
947 3140 1003 3179 Svec.
1019 3140 1052 3179 lio.
1067 3138 1133 3181 2675).

718 3370 765 3428 68.
812 3369 902 3428 1328.
947 3369 1026 3428 tede
1047 3368 1220 3427 December.

443 3484 521 3535 Eilifr
537 3486 595 3535 med
613 3486 680 3549 guda
698 3485 819 3535 miskunn
836 3485 1007 3549 erkibiscup·i
1024 3483 1149 3533 Nidarose
1173 3483 1271 3532 eander
1297 3481 1348 3530 sira
1377 3479 1488 3529 Halone
1516 3479 1567 3529 sira

376 3570 453 3621 Salva
472 3586 503 3619 oc
521 3573 572 3620 sira
589 3571 657 3621 done
674 3570 864 3621 korshroedrom
882 3571 890 3619 i
907 3569 1050 3631 Biorghvin
1067 3567 1297 3639 cenomanniae
1324 3565 1439 3616 Lameua
1465 3564 1568 3614 subcol-

376 3657 513 3705 lectoribns
533 3657 709 3720 paratiuudar.
728 3671 751 3720 q.
770 3672 794 3718 g.
814 3671 845 3707 oc
862 3657 927 3705 aina.
961 3654 1017 3713 Ver
1032 3653 1121 3703 haiom
1139 3653 1301 3713 undirstadit‚
1314 3658 1342 3699 at
1354 3647 1401 3716 per
1413 3647 1569 3698 haiettaelit

376 3738 446 3808 ptiar
463 3741 564 3790 merler
581 3756 611 3791 oc
630 3743 738 3805 uinthigi
756 3742 846 3791 marka
857 3741 968 3790 brendra
979 3739 1150 3804 pavatiundar
1161 3736 1190 3786 ei
1200 3736 1358 3798 Orknoeyum
1369 3750 1401 3783 oc
1413 3732 1569 3789 framleidiss

307 3841 309 3846 ⁴
377 3830 464 3879 aezlest
481 3836 508 3878 at
526 3829 587 3878 raka
604 3828 635 3877 al
654 3829 809 3889 Stavangers
837 3826 1026 3889 biskupsdoeme
1055 3823 1122 3872 sllar
1146 3821 1227 3871 affter
1254 3822 1344 3870 stadur
1373 3820 1505 3869 oskaerdar
1530 3817 1570 3882 fyr

378 3917 502 3980 sagdhrar
519 3915 623 3964 tinndar
639 3922 708 3963 mete
726 3913 801 3962 berra
812 3926 908 3976 parans
920 3911 987 3959 boda
1000 3925 1030 3960 oc
1043 3909 1157 3972 godvilia
1167 3905 1237 3974 peirn
1248 3921 1302 3956 sem
1314 3906 1384 3955 hann
1396 3905 1468 3968 gordi
1480 3919 1571 3954 varom

379 4002 453 4051 berra
471 4002 653 4062 konongennm
671 4013 702 4048 oc
720 3998 774 4047 allu
791 3998 902 4047 landeno
921 3998 951 4046 til
969 3995 1080 4059 styrkiar
1096 3995 1176 4042 imote
1193 3991 1350 4041 kristninnar
1366 3990 1472 4058 ovinum
1496 3990 1572 4039 undir

379 4101 439 4137 rare
458 4086 549 4152 slipen
568 4083 695 4135 ociorsio
714 4099 742 4133 er
758 4081 805 4150 pat
822 4083 1006 4155 balmingrenn
1023 4079 1052 4129 al
1067 4068 1130 4129 allae
1147 4092 1201 4126 etex
1219 4090 1269 4125 sere
1287 4076 1427 4142 pavatinnd
1453 4091 1497 4124 um
1525 4074 1573 4124 allt

379 4171 447 4220 rikit.
482 4169 524 4220 At
535 4167 579 4237 bvi
596 4165 755 4219 firirbiodnm
772 4184 818 4218 ver
834 4169 896 4234 yder
913 4175 941 4217 at
957 4166 1005 4233 per
1022 4166 1095 4215 talrer
1112 4162 1248 4212 lrammare
1265 4177 1298 4211 en
1314 4161 1468 4224 hselmingen
1487 4160 1572 4209 tinnd-

379 4271 489 4305 ercnnar
507 4270 560 4304 sem
577 4269 612 4303 nu
631 4269 659 4304 er
676 4262 734 4318 sagt
752 4254 847 4303 hvnrke
865 4252 894 4301 si
909 4252 1050 4312 Stasangre
1069 4266 1101 4299 ne
1119 4249 1277 4312 Orkuoeyum
1295 4249 1344 4298 eda
1360 4247 1456 4304 videre,
1475 4261 1507 4295 oc
1527 4243 1574 4312 pet

380 4341 454 4391 affter
471 4334 539 4390 lulr'ir
555 4355 608 4389 sem
626 4338 749 4389 frammar
765 4338 825 4388 hale
843 4337 890 4404 ber
908 4337 973 4385 tekit
990 4337 1052 4385 ader
1073 4350 1131 4384 rare
1157 4336 1233 4384 berra
1258 4335 1423 4395 konongsens
1452 4325 1574 4380 umbod's·

380 4441 472 4474 manne
490 4440 520 4474 oc
538 4440 626 4474 varom
643 4425 652 4473 i
670 4425 766 4473 hender
783 4424 858 4473 herra
870 4421 994 4471 Audfinni
1011 4421 1108 4483 biscnpi
1127 4418 1134 4466 i
1153 4420 1341 4482 Biorgbvin,so
1360 4416 1437 4466 irsmt
1454 4432 1509 4466 sem
1527 4414 1575 4483 par

380 4511 435 4575 uilit
452 4508 566 4559 fordensi
583 4525 639 4558 vars
657 4511 732 4558 berra
749 4509 915 4570 konongseus
934 4507 1029 4565 oblidn.
1057 4521 1088 4554 oe
1114 4505 1144 4553 til
1170 4519 1249 4553 sanna
1274 4503 1449 4552 vitnisburdar
1471 4509 1575 4552 nattum

380 4609 425 4643 ver
441 4601 498 4643 vart
515 4594 620 4657 ineigbli
636 4594 690 4643 firir
706 4591 780 4661 betta
797 4592 855 4642 bref
870 4607 898 4641 er
916 4599 974 4654 gort
991 4605 1037 4638 var
1053 4591 1062 4638 i
1079 4589 1198 4639 Nidarosi
1217 4605 1233 4637 a
1250 4603 1334 4639 annau
1349 4586 1418 4649 dagh
1428 4584 1493 4646 jola.
1507 4601 1575 4636 anno

381 4680 476 4731 domini
494 4690 532 4738 inq
555 4689 611 4738 cccq
632 4678 707 4726 xxix.

440 4765 498 4807 {itaer
513 4762 615 4800 stauriaco
629 4763 651 4801 si
663 4762 698 4799 den
713 4773 737 4799 nu
752 4762 801 4798 table
818 4760 923 4806 bergensis
937 4759 1024 4806 eapitur
1037 4757 1042 4794 i
1057 4757 1197 4794 llsrtltolininnn
1213 4757 1241 4796 lll.
1258 4757 1303 4793 elles
1317 4756 1339 4794 li.
1357 4767 1376 4802 p.
1392 4751 1513 4797 253-250,

1345 4827 1354 4851 s
