3584 5625
950 517 1079 588 48,

275 712 376 753 tot-m
421 765 424 772 ,
473 702 591 763 Summa
621 703 806 764 Summarum
839 705 967 763 omnium
996 707 1191 784 pecuniarum·
1222 720 1405 787 receptarum
1435 721 1496 770 tam
1530 712 1568 771 de

310 851 312 855 ,
374 805 512 882 Receptis
533 804 670 880 predictis
692 824 780 880 quam
802 806 838 863 de
862 806 990 883 cambija.
1012 807 1143 869 deductis
1164 811 1294 889 pecunijs
1316 812 1391 873 datis
1410 827 1466 889 'pro
1477 812 1568 873 Cam·

374 907 428 982 bijs
446 905 660 983 suprascriptis,
683 914 726 964 eat
778 969 781 974 ,
1169 932 1171 934 ·

460 1008 507 1082 .iij.
528 1008 611 1066 νηοῖο
633 1027 698 1066 cum
721 1008 839 1066 dimidie
861 1010 925 1066 auri
946 1010 984 1066 ad
1005 1012 1120 1086 pondua
1141 1013 1330 1073 Noricanum.

462 1113 489 1189 .j.
513 1132 600 1171 marc.
622 1109 650 1187 ij
672 1120 735 1168 vac.
757 1109 827 1184 xiiij.
849 1109 914 1167 den.
938 1111 1002 1168 auri
1023 1113 1061 1169 ad
1083 1114 1196 1188 pondus
1218 1116 1254 1173 de
1277 1115 1441 1176 Stocolmis.

459 1214 505 1291 .iij.
527 1234 615 1272 marc.
636 1212 675 1288 iij.
696 1230 762 1270 vnc.
784 1211 848 1269 auri
869 1212 906 1269 ed
928 1214 1043 1287 pondus
1065 1214 1101 1271 de
1123 1214 1230 1275 Scarie.

459 1316 509 1392 .vj‘i
529 1315 549 1372 l.
572 1333 661 1372 marc.
679 1312 718 1388 iij.
742 1331 807 1370 νηο.
830 1312 869 1387 iij.
891 1313 957 1371 den.
980 1315 1093 1391 argenti
1114 1317 1152 1374 ed
1174 1318 1289 1393 pondus
1310 1318 1502 1376 Norieenum.

459 1438 506 1475 .m.
529 1416 577 1491 xij.
595 1434 683 1473 marc.
700 1413 748 1489 iiij.
760 1433 825 1472 vnc.
836 1414 906 1490 xvij.
919 1416 1017 1474 denar.
1035 1418 1147 1494 argenti
1163 1419 1202 1476 ad
1218 1420 1332 1497 pondua
1351 1419 1387 1476 de
1401 1417 1566 1478 Stocolmis.

458 1519 499 1597 .ija
520 1517 618 1592 lxxvij.
641 1536 728 1575 marc.
750 1514 787 1590 vj.
798 1535 863 1574 vnc.
880 1535 947 1573 cum
963 1517 1060 1575 dimid.
1077 1521 1188 1594 argenti
1206 1520 1243 1578 ad
1264 1521 1379 1596 pondus
1396 1520 1432 1576 de
1458 1520 1567 1580 Scaeis.
1625 1570 1627 1574 .

459 1623 538 1680 ¹xlix.
560 1639 648 1678 marc.
671 1618 782 1694 argenti
806 1618 843 1675 ad
865 1618 980 1694 pondus
1002 1619 1038 1677 de
1060 1619 1177 1696 Brngis.

458 1743 504 1782 .m.
524 1717 587 1799 'viije
608 1723 648 1781 xl.
669 1722 731 1779 flor.
749 1721 821 1779 auri.

458 1825 518 1901 .vijr
542 1824 578 1900 vj.
601 1825 664 1883 den.
686 1821 776 1899 regal.
798 1822 861 1880 auri
884 1822 920 1880 de
943 1823 1078 1881 Francia.

456 1928 503 1985 lx.
527 1928 591 1985 den.
613 1927 651 1983 ad
673 1934 781 2001 a'gnum
803 1926 839 1982 de
859 1944 939 1983 auro.

456 2028 502 2105 .iij.
524 2029 623 2086 denar.
645 2028 683 2085 ad
705 2027 871 2085 cathedram
895 2027 931 2084 de
954 2045 1035 2084 auro.
1112 2026 1117 2035 '

455 2130 491 2207 .ij.
512 2132 578 2188 den.
600 2131 638 2187 ad
660 2128 795 2187 messiam
818 2128 854 2186 de
876 2147 958 2186 auro.
985 2118 988 2123 ¹

455 2232 520 2308 .viij.
541 2231 603 2289 libr.
625 2250 674 2289 xv.
696 2230 748 2290 sol.
769 2232 787 2288 i.
809 2231 873 2289 den.
895 2231 968 2288 Tur.
990 2250 1080 2307 groas.
1099 2230 1188 2306 Regis
1210 2231 1343 2289 Francia.

455 2334 520 2409 avj.
539 2333 591 2391 sol.
612 2333 682 2391 Tur.
704 2332 816 2409 argenti
837 2332 928 2408 Regis
949 2332 1078 2390 Boemie.
1247 2326 1250 2335 ’

455 2434 558 2509 clxvij.
580 2435 645 2493 libr.
667 2434 694 2509 ij.
717 2435 769 2493 sol.
790 2434 830 2493 ix.
854 2435 917 2492 den.
941 2433 1149 2510 sterlingorum
1171 2434 1294 2509 argenti.

454 2536 595 2612 .mjrata
615 2536 677 2593 nx.
695 2556 782 2594 mare.
801 2535 838 2610 ej.
855 2517 920 2593 vno.
936 2534 1006 2609 xiiij.
1017 2535 1081 2592 den.
1093 2531 1207 2593 monae
1223 2536 1371 2594 moneam
1389 2534 1562 2609 adponens.

454 2637 540 2704 .viiiia
560 2637 619 2711 lvij.
641 2656 729 2695 marc.
751 2636 768 2694 i.
791 2656 856 2696 vnc.
878 2637 938 2699 xix.
962 2638 1026 2695 den.
1048 2646 1162 2695 monete
1184 2637 1288 2697 Suecie
1316 2639 1353 2696 ad
1376 2653 1538 2693 numerum.

455 2739 482 2815 .j.
504 2729 605 2816 ciphus
628 2740 664 2797 de
686 2756 760 2797 nuce
782 2737 979 2798 ultramarina.
1002 2758 1069 2797 cum
1090 2739 1164 2816 pede
1183 2741 1304 2815 argenti.

453 2842 527 2899 Tres
548 2841 633 2899 νηοῖο
654 2860 729 2924 cum.
744 2841 862 2900 dimidia
883 2842 947 2900 auri
968 2842 1006 2916 ad
1035 2842 1149 2917 pondus
1181 2841 1361 2900 Noricanum
1397 2842 1495 2901 valent
1523 2872 1556 2882 -

369 2942 417 3019 .iij.
438 2942 524 3002 νηοῖο
545 2962 581 3000 .ν.
604 2943 667 3002 den.
690 2923 753 3002 euri
772 2944 810 3001 ad
831 2943 946 3019 pondus
966 2943 1176 3001 Auinionense.
1423 2929 1425 2933 ⁷

453 3044 522 3104 Vna
540 3047 659 3104 marcha
681 3045 715 3120 .ij.
738 3046 821 3103 νηοῖο
844 3045 923 3102 ‚xiiii
945 3044 1010 3102 den.
1034 3045 1097 3102 auri
1119 3043 1156 3100 ad
1178 3044 1292 3119 pondus
1325 3045 1360 3102 de
1390 3046 1555 3106 Stocolmis.

369 3147 467 3205 valent
494 3173 527 3182 -
553 3145 578 3220 .j.
599 3136 736 3205 marcam*
749 3147 776 3204 .ἰ.
799 3166 864 3205 νηο.
885 3147 926 3205 ix.
950 3146 1014 3204 den.
1036 3145 1100 3203 auri
1122 3143 1159 3202 ed
1182 3146 1295 3219 pondus
1316 3147 1526 3206 Aninionenee.

454 3251 528 3308 Tres
550 3248 666 3305 marche
688 3247 734 3323 .iij.
755 3247 839 3306 νηοῖο
868 3248 932 3305 auri
964 3248 1002 3304 ad
1032 3247 1145 3322 pondus
1177 3247 1214 3304 de
1246 3247 1352 3307 Scaris.
1385 3249 1485 3307 valent
1523 3278 1556 3288 -

300 3388 306 3405 .
369 3349 416 3425 .iij.
438 3368 550 3408 marcas
572 3348 649 3423 aiiij.
672 3350 769 3407 denar.
792 3368 858 3407 cum
881 3349 978 3406 dimid.
1000 3348 1064 3406 auri
1086 3348 1124 3405 ad
1146 3348 1260 3424 pondus
1282 3349 1488 3428 Aninionenss.

454 3451 492 3509 Et
514 3450 556 3509 sic
578 3458 622 3509 est
643 3448 763 3510 Summa
784 3450 853 3507 dicti
874 3451 937 3508 auri
960 3479 1000 3488 -
1022 3449 1080 3525 .iiij.
1103 3468 1200 3508 marce
1218 3470 1254 3508 .v.
1272 3451 1358 3509 νηοῖο
1375 3451 1557 3526 .iiij.denarij

370 3570 435 3611 cum
457 3551 576 3610 dimidio
598 3551 660 3609 auri
683 3552 720 3610 ad
742 3552 856 3628 pondus
877 3551 1086 3611 Auinionense.
1316 3560 1318 3564 ’

453 3755 505 3832 .vjt
526 3755 544 3812 1.
566 3774 664 3813 marce
686 3754 732 3830 .iij.
753 3755 837 3813 νηοῖο
856 3754 903 3830 .iij
922 3755 986 3811 den.
1018 3753 1129 3829 argenti
1163 3753 1201 3810 ad
1229 3754 1342 3829 pondus
1376 3754 1559 3812 Noricenum
1595 3823 1597 3826 Ι

369 3857 468 3915 valent
491 3884 526 3895 -
550 3865 594 3915 .νῖ
628 3858 703 3914 xcvi.
736 3875 848 3915 marcas
880 3856 907 3914 .ἰ.
938 3875 1003 3913 νηο.
1035 3854 1094 3930 xiij.
1128 3855 1192 3911 den.
1224 3855 1337 3930 argenti
1373 3855 1411 3912 ad
1443 3857 1560 3931 pondus

369 3958 577 4016 Auinionense.
1128 3964 1130 3968 '
1601 3943 1603 3947 ,

435 4078 499 4148 ⁸.m.
521 4052 570 4134 xij.
592 4059 709 4118 marche
731 4059 787 4136 .iiij.
811 4078 876 4118 vnc.
897 4057 965 4132 xvij.
985 4059 1049 4116 den.
1071 4056 1182 4133 argenti
1204 4058 1242 4114 ad
1269 4058 1383 4134 pondus
1412 4059 1449 4116 de
1471 4058 1559 4143 Stac-

368 4263 576 4323 Auinionense.

453 4363 494 4440 .ij0.
515 4361 615 4438 lxxvii.
637 4358 758 4421 marche'
775 4364 820 4421 .vi.
842 4364 924 4422 νηοῖο
953 4382 1017 4422 cum
1046 4363 1164 4421 dimidia
1190 4361 1302 4437 argenti
1325 4364 1363 4420 ad
1384 4363 1498 4438 pondus
1520 4363 1558 4420 de

370 4466 475 4526 Scaris.
497 4464 596 4523 valent
622 4493 653 4502 -
679 4465 720 4541 .ῇῖ
743 4464 793 4539 liij.
816 4484 930 4523 mareas
953 4464 979 4522 .i.
1001 4485 1067 4524 vac.
1087 4484 1116 4522 x.
1139 4465 1203 4522 den.
1226 4465 1338 4541 argenti
1372 4465 1410 4522 ad
1441 4464 1558 4540 pondus

369 4567 576 4626 Aninicnense.

453 4669 531 4728 ⁸alix.
554 4686 651 4726 marce
673 4668 784 4743 argenti
805 4669 841 4726 ad
863 4670 978 4745 pondus
996 4668 1032 4725 de
1051 4660 1165 4744 Brugis.
1178 4668 1326 4725 valent-
1340 4668 1468 4745 xxxviij.
1480 4689 1557 4728 mar·

369 4789 419 4829 eae
442 4772 487 4830 .vi.
509 4770 608 4827 vnciaa
631 4768 695 4844 .viij.
718 4769 781 4827 den.
804 4771 922 4846 argenti⁴
938 4771 975 4827 ad
989 4771 1115 4845 'pondus
1136 4770 1343 4828 Aninionense.
