3584 5625
1401 645 1403 652 ·
1490 635 1522 672 tut.
1533 634 1582 673 itt.

1489 686 1580 724 chesiria-

298 777 380 854 Hec
410 788 491 854 sunt
512 776 690 878 Recepte.
724 802 813 880 quus
844 802 915 855 nus
937 778 1048 853 frater
1068 776 1250 853 lohannes
1272 775 1317 854 dc
1335 742 1580 854 semeriis

298 922 335 988 et
366 912 406 988 B.
428 911 473 989 de
504 910 637 989 Ortuiis
667 912 868 989 leuuuimus
899 911 944 988 de
978 911 1164 990 beneficiis
1195 909 1405 989 vacantibus
1438 909 1480 986 ed

588 1048 777 1123 triennium
810 1051 844 1123 in
878 1070 997 1148 regnu
1029 1045 1190 1124 Swecic.

381 1246 470 1304 Anno
492 1245 540 1320 dnj
573 1244 724 1304 millesimo
757 1254 829 1306 ccct
860 1245 964 1321 xxviiji
996 1256 1025 1302 et
1057 1246 1119 1303 ixi·
1140 1246 1187 1303 die
1217 1245 1323 1304 mensis
1355 1244 1479 1319 Ianuarij

241 1417 244 1423 ¹
296 1347 458 1423 recepimus
480 1366 533 1406 nos
555 1345 642 1403 irater
661 1346 804 1405 Iohannes
827 1348 862 1405 dc
885 1347 995 1407 Serene
1018 1356 1046 1405 et-
1067 1348 1102 1406 B.
1125 1348 1160 1403 de
1182 1346 1290 1406 Orioiis
1318 1346 1347 1404 iu
1370 1346 1479 1423 episco-

296 1456 367 1523 patu
390 1447 545 1523 Vpselensi
568 1466 613 1505 .m.
636 1446 676 1523 ,ijs
697 1448 778 1504 xxxi.
809 1467 921 1507 marcas
954 1448 989 1523 ij.
1019 1468 1086 1507 ores
1113 1468 1178 1507 cum
1213 1447 1259 1524 iij.
1291 1449 1355 1505 den.
1389 1466 1480 1523 purus

296 1558 419 1607 monete.
441 1550 469 1606 in
492 1568 551 1626 que
573 1568 685 1608 summa
706 1549 821 1607 fuerunt
842 1529 952 1609 incluse
976 1551 1017 1625 .ij⁰.
1038 1550 1117 1625 xxvj.
1136 1551 1252 1608 marche
1276 1568 1341 1606 cum
1363 1547 1480 1606 dimidie

296 1649 418 1725 argenti.
440 1648 493 1708 iuit
514 1659 683 1726 computate
705 1650 832 1727 quelibet
854 1670 952 1709 marca
972 1652 1084 1727 argenti
1106 1671 1159 1728 pro
1180 1669 1217 1709 .v.
1247 1650 1371 1709 marchis
1403 1647 1479 1707 dicte

296 1768 388 1825 perne
409 1749 531 1826 pecunie
553 1750 674 1810 Swecic.
719 1752 858 1811 Assendit
890 1753 999 1812 dictum
1032 1761 1183 1830 argentum
1210 1752 1247 1810 nti
1271 1771 1317 1808 .m.
1341 1771 1366 1809 c.
1390 1748 1480 1824 xxxij.

295 1869 410 1909 marcus
431 1870 497 1910 cum
519 1851 637 1910 dimidie
657 1852 733 1912 dicte
751 1872 842 1929 purue
864 1854 994 1930 pecunie.

380 1951 454 2010 Item
477 1953 581 2029 xcviij.
603 1974 690 2013 marc.
711 1954 749 2029 vj.
773 1973 814 2013 or.
837 1954 875 2030 iij.
896 1957 960 2013 den.
983 1975 1073 2031 purus
1094 1954 1224 2030 pecunie.

380 2053 468 2111 Auno
490 2073 549 2131 quo
570 2074 659 2131 supra
686 2065 714 2113 et
745 2054 836 2131 .xxj¹r·
864 2056 911 2114 die
941 2056 1050 2139 'mensis
1081 2055 1209 2131 Ianuarij
1242 2056 1279 2113 de
1311 2053 1480 2129 episcopatu

295 2154 486 2229 Stringiucnsi
499 2155 619 2215 ‘.elxxiii.
632 2176 719 2215 marc.
737 2177 829 2233 perue
851 2168 965 2216 monete
988 2158 1081 2218 chc.
1102 2158 1131 2214 in
1154 2176 1212 2233 qua
1232 2173 1346 2213 summe
1366 2153 1481 2212 fuerunt

294 2252 421 2313 incluse¹
444 2256 519 2331 ‚xvij.
542 2258 659 2316 marche
682 2278 747 2318 cum
770 2258 888 2316 dimidie
917 2260 1040 2335 urgenti,
1069 2267 1234 2336 computate
1267 2276 1320 2332 pro
1353 2255 1481 2327 dxxxvii.

294 2357 419 2416 marchis
441 2377 507 2416 cum
530 2358 648 2416 dimidie
670 2379 759 2435 perne
780 2360 911 2436 pecunie.

379 2458 453 2516 Item
477 2458 587 2517 Ixxxv.
609 2480 697 2519 merc.
720 2482 786 2520 cum
808 2462 928 2520 dimidie
949 2462 978 2519 in
1001 2481 1092 2538 parua
1114 2460 1245 2538 pecunie.
1275 2467 1415 2518 numerat.
1442 2458 1480 2515 ed

296 2560 414 2617 modum
435 2560 556 2620 Swecic.

379 2763 718 2841 Annoquosup1·u.et
747 2764 807 2841 xj't'
834 2765 879 2824 die
914 2765 1019 2825 mensis
1051 2762 1209 2839 Februsrij.
1242 2764 1278 2821 de
1311 2765 1482 2842 episcopatu

294 2865 469 2939 Lincopeusi
492 2867 533 2943 ‚ijs
555 2865 614 2941 lxij.
637 2887 724 2927 marc.
747 2877 775 2925 ct
796 2867 850 2942 .vij.
870 2888 935 2927 vnc.
958 2888 1048 2944 parue
1070 2878 1192 2927 monete.
1225 2868 1253 2925 iu
1287 2884 1346 2945 qun·
1369 2885 1482 2925 summa

295 2966 410 3024 inerunt
430 2966 541 3025 incluse
564 2967 632 3043 .viij.
654 2971 770 3028 marche
792 2989 859 3037 cum
880 2989 938 3027 vna
959 2969 1044 3027 vncie
1070 2970 1191 3046 argenti,
1213 2990 1265 3046 pro
1288 2969 1335 3028 ‚xl.
1358 2967 1481 3026 marchis

296 3087 332 3126 .v.
356 3069 413 3126 uris
431 3088 521 3145 parus
544 3070 676 3145 pecunie.
804 3068 807 3075 ’

379 3372 467 3429 Anno
490 3373 538 3448 ‹mj
561 3373 711 3432 millesimo
735 3382 808 3433 ,ccci
829 3374 923 3449 xxvijt
945 3383 974 3431 et
994 3373 1072 3447 .mjc·
1097 3374 1144 3431 die
1177 3373 1282 3433 mensis
1302 3373 1481 3432 Decembris.

295 3473 360 3548 Ego
383 3472 471 3531 frater
492 3475 637 3532 Iohannes
661 3476 697 3532 de
720 3474 829 3534 Serene
849 3475 959 3551 Recepi
981 3495 999 3532 a
1026 3476 1084 3533 diro
1116 3475 1246 3533 Iohanne
1278 3474 1424 3550 preposite
1454 3486 1483 3532 et

295 3574 436 3634 canonico
459 3576 581 3634 ecclesie
603 3576 770 3637 Schurensis
788 3609 825 3620 -
846 3595 1051 3635 .xxx.mercus
1073 3577 1150 3635 eti.
1172 3575 1286 3634 unciam
1308 3578 1421 3651 argenti
1443 3575 1481 3633 nd

295 3675 409 3751 pondus
432 3677 467 3734 de
490 3676 615 3736 Scheris.

317 3836 321 3844 ,
377 3777 452 3835 Item
475 3777 500 3853 ,j.
523 3798 649 3837 mercem
672 3799 738 3858 cum
760 3779 851 3839 tercia
872 3788 955 3854 perte
976 3779 1060 3838 nnius
1087 3798 1138 3838 ore
1160 3780 1195 3837 de
1217 3799 1289 3837 euro
1309 3780 1348 3837 ud
1369 3779 1483 3854 pondus

294 3879 330 3936 de
352 3878 457 3940 Scaris.

378 3981 443 4056 Que
464 3982 579 4041 fuerunt
600 3993 719 4059 recepte
741 3982 851 4058 pr0⁴.ij⁰.
867 3983 958 4059 xxiiij.
979 3985 1103 4043 marchis
1114 4004 1149 4042 .v.
1160 4003 1226 4042 vne.
1244 4003 1334 4059 perne
1352 3984 1481 4059 pecunie.

295 4093 462 4159 computate
483 4103 582 4144 merca
602 4087 712 4161 urgenti
735 4107 788 4163 pro
812 4105 848 4143 m.
866 4086 990 4145 marchis
1012 4087 1088 4146 dicte
1110 4104 1201 4163 parus
1225 4097 1345 4144 monete.
1367 4087 1482 4144 Aurum

294 4204 364 4242 vero
387 4196 571 4263 computetur
590 4207 643 4263 pro
667 4189 777 4264 txxiiij.
799 4188 923 4246 marchis
947 4207 1037 4264 pnrue
1059 4187 1182 4265 pecunie
1203 4187 1324 4246 Swecic.

379 4390 467 4448 Anno
490 4411 548 4468 qno
570 4412 659 4468 supra
682 4401 711 4450 et
732 4391 824 4466 .xxiij³.
847 4392 892 4449 die
905 4393 1011 4452 mensis
1021 4392 1192 4451 Decembris
1204 4392 1313 4468 Recepi
1324 4412 1378 4468 ego
1395 4391 1483 4449 irater

294 4489 437 4550 Iohannes
460 4494 494 4550 de
517 4493 635 4552 Serene.
656 4514 674 4550 a
696 4494 753 4553 diro
777 4494 942 4570 'Ihyderico
966 4494 1106 4552 canonico
1129 4494 1250 4553 ecclesie
1265 4494 1428 4552 Arosiensis
1447 4522 1476 4532 -

298 4592 434 4669 cxxxiiii.
456 4613 569 4653 marcas
589 4614 681 4670 parue
702 4605 817 4653 monete
841 4595 962 4655 Swecic.
1026 4598 1032 4613 '

248 4826 251 4831 ·
332 4803 341 4834 ¹
358 4808 462 4860 Mellem
480 4806 607 4874 „incluse“
627 4828 662 4876 og
679 4811 750 4875 mvij.
769 4819 838 4863 stear
856 4821 1014 4877 overstreget
1032 4812 1099 4877 „viii
1117 4828 1195 4862 marc.
1214 4827 1265 4861 rue
1281 4828 1336 4863 vnc.
1356 4806 1482 4876 argentj.“
