3584 5625
911 485 952 548 84

1450 605 1485 646 ..Ι

339 675 405 735 inde
427 677 465 737 ob
486 676 558 755 ipsis
578 678 708 755 recipere
729 686 758 737 te
780 676 936 753 continget,
958 694 1012 734 nec
1033 694 1090 740 non
1113 683 1142 733 et
1163 671 1205 733 eis
1235 692 1254 732 e
1282 671 1434 751 quibusuis
1465 667 1528 754 spi·

339 778 491 840 ritualibus
510 778 664 838 sentenciis
685 796 758 854 qnss
779 796 833 853 pro
854 797 889 836 eo
911 776 1099 836 incurrissent
1119 774 1199 852 qnod
1220 773 1384 832 huiusmodi
1406 773 1529 846 ἱωοιιιε,

338 879 468 939 redditus
490 890 519 938 et
539 891 699 956 prouentus
718 877 767 936 uel
795 878 912 940 residue
942 878 972 935 in
1003 875 1119 937 statutis
1150 876 1188 933 cd
1219 876 1275 934 hoc
1307 873 1435 934 terminis
1468 893 1530 934 uon

338 981 492 1040 noluissent
512 980 684 1044 beneficium
706 978 902 1060 absolucionis
923 978 1006 1044 iuxta
1023 977 1143 1038 ecclesie
1154 976 1275 1039 formem
1287 974 1448 1051 impendes,
1459 994 1530 1033 cnm

339 1082 381 1148 eis
401 1101 489 1159 super
508 1081 722 1158 irregularitate
743 1099 830 1157 quom
851 1080 933 1155 ligati
956 1079 1039 1139 dictis
1061 1077 1213 1145 sentenciis
1227 1076 1413 1148 celebrando,
1426 1075 1530 1134 diuina

338 1182 386 1240 nel
407 1181 595 1251 immiscendo
616 1200 648 1242 se
669 1181 727 1246 illis
747 1180 868 1246 forsitan
889 1180 1109 1253 commisissent,
1128 1177 1301 1238 anctoritate
1318 1187 1418 1239 nostro
1435 1176 1528 1236 nichi-

338 1283 461 1343 lominus
482 1281 705 1342 misericorditer
732 1283 935 1360 dispensando.
969 1282 1080 1340 Datum
1112 1279 1258 1338 Aninione
1290 1278 1351 1353 iiij.
1384 1277 1528 1336 kalendas

338 1383 490 1461 Februarii
510 1383 702 1444 Pontificatus
723 1385 813 1444 nostri
835 1405 911 1448 enno
934 1383 1006 1458 .xvj⁰.

422 1485 553 1560 Quarum
576 1486 749 1546 auctoritato
767 1486 796 1544 in
823 1487 953 1563 predicto
986 1484 1145 1561 procedens
1176 1481 1297 1557 negocio
1330 1498 1386 1556 ego
1418 1480 1528 1540 Petrus

338 1584 473 1661 Gemesij
496 1587 682 1664 supradictus
701 1586 798 1662 recepi
820 1586 960 1662 pecunias
979 1584 1184 1662 infrascriptos.

778 1868 1080 1878 ...-----——-————--

238 2112 331 2152 ΝΜ·
370 2095 428 2173 Be
459 2099 617 2198 receptis
649 2120 695 2172 ex
727 2093 903 2172 fructibus
935 2094 1198 2174 beneficiorum
1224 2096 1436 2172 vaceneium
1460 2095 1493 2169 in

771 2229 904 2330 Regno
937 2230 1088 2308 Suecie.
1165 2225 1167 2229 ’

423 2414 511 2472 Anno
533 2413 582 2471 ‹lr’ri
604 2421 656 2471 .m⁰.
678 2420 742 2473 cccl
763 2412 857 2488 xxxijl
879 2413 925 2470 die
949 2411 998 2488 iij.
1021 2413 1126 2471 mensis
1147 2411 1333 2474 Nouembris.
1361 2392 1478 2489 Recepi
1506 2420 1532 2471 o'

339 2513 405 2572 diris
423 2515 562 2591 anuino
584 2515 734 2574 Benedicti
758 2514 898 2575 cononice
930 2515 1052 2573 ecclesie
1074 2514 1223 2574 Seerensis
1250 2524 1279 2572 et
1311 2513 1423 2573 Kerolo
1457 2534 1524 2589 per·

339 2633 410 2673 sona
431 2616 553 2675 ecclesie
575 2615 761 2676 Hwelstcthe
788 2616 938 2676 Scerensis
969 2616 1102 2689 diocesis,
1132 2614 1345 2675 collectoribus
1376 2613 1523 2674 fructuum

339 2724 369 2773 et
388 2716 554 2775 reddituum
576 2717 660 2794 primi
682 2717 749 2776 enni
771 2718 974 2777 beneficiorum
996 2717 1167 2780 reconcium
1190 2738 1208 2774 a
1227 2717 1358 2775 kalendis
1390 2718 1522 2793 Septem·

337 2817 404 2890 bris,
427 2839 503 2878 enno
525 2821 709 2896 pontificatus
731 2820 780 2880 dni
802 2840 878 2896 pepe
895 2820 1039 2879 „iohannis
1057 2828 1099 2878 nrt
1120 2840 1172 2895 per
1187 2820 1340 2877 Biennium
1354 2818 1384 2876 in
1395 2818 1522 2878 Ciuitete

337 2926 367 2977 et
388 2919 494 2980 diocesi
517 2920 652 2998 predictis
673 2903 864 2980 Scereneibus
885 2922 1052 2999 peripsum
1084 2922 1152 2979 dnm
1181 2932 1311 2980 nostrum
1342 2938 1451 2996 papam
1484 2920 1520 2979 od

337 3038 406 3081 rsus
427 3040 541 3080 comere
562 3040 615 3080 sue
635 3031 847 3083 reseruotorum
871 3051 909 3060 -
933 3042 1002 3082 ccc.
1023 3041 1112 3081 merc.
1133 3032 1162 3080 et
1184 3021 1222 3096 ij.
1243 3041 1309 3081 ores
1331 3022 1440 3080 venalis
1461 3040 1521 3079 mo·

337 3133 403 3180 nete
422 3122 555 3183 Sueuice.
598 3142 650 3200 per
671 3122 749 3198 ipsos
771 3123 909 3182 collentes
932 3124 966 3181 de
989 3123 1072 3183 dictis
1093 3123 1242 3184 cuntibus

658 3224 781 3300 Recepit
796 3223 1021 3298 jnstrumentum
1043 3226 1202 3285 Johsnnes.

419 3425 494 3487 Item
515 3444 591 3487 enno
613 3445 631 3484 e
652 3426 815 3486 Natiuitote
836 3426 884 3484 dni
909 3425 961 3484 .m⁰.
982 3435 1046 3487 cccl
1067 3427 1172 3501 xxxiijl
1195 3427 1242 3489 die
1264 3427 1326 3502 .vij!
1347 3429 1453 3487 mensis
1467 3429 1519 3489 Je-

336 3526 439 3601 nuerij.
458 3527 570 3603 Recepi
591 3546 609 3585 e
631 3528 689 3586 diro
711 3528 858 3603 Episcopo
879 3528 1058 3587 Vexionensi
1079 3548 1132 3603 per
1153 3547 1255 3587 monus
1283 3529 1408 3586 dirorum
1428 3530 1519 3606 lngo·

336 3625 409 3683 mori
432 3636 461 3689 et
482 3627 621 3704 Botulphi
642 3628 814 3687 clericorum
841 3629 909 3686 dicti
941 3630 991 3688 diri
1023 3631 1163 3706 Episcopi
1196 3631 1232 3690 de
1264 3630 1406 3690 fructibus
1438 3632 1520 3709 primi

336 3727 403 3786 enni
425 3729 629 3787 beneficiorum
651 3730 822 3789 vecenciuin
844 3730 873 3788 in
895 3730 1012 3789 ciuitate
1033 3741 1062 3788 et
1083 3733 1190 3790 diocesi
1214 3732 1447 3792 Vexionensibus
1472 3753 1522 3808 per

337 3827 491 3888 Biennium
512 3857 553 3867 -
576 3829 643 3904 xvj.
667 3850 755 3893 moro.
780 3841 808 3889 et
830 3831 877 3906 .vj.
901 3851 968 3891 ores
988 3833 1097 3891 vsuclis
1119 3843 1233 3894 monete
1255 3833 1390 3893 Sueuice.

660 3931 782 4008 Recepit
795 3930 1021 4007 justrumentum
1043 3933 1200 3994 Johcnnes.

420 4131 494 4191 Item
515 4150 593 4197 enno
613 4151 672 4208 quo
691 4152 780 4208 supro
802 4135 848 4197 die
869 4135 941 4212 ‚viije
963 4137 1070 4195 mensis
1089 4136 1219 4212 predicti.
1264 4138 1372 4213 Recepi
1395 4142 1435 4201 eb
1458 4140 1523 4218 ipso

321 4231 394 4297 'diro
415 4231 566 4309 Episcopo
583 4233 761 4293 Vexionensi
784 4256 836 4312 per
862 4256 965 4296 manus
987 4237 1130 4297 dictorum
1152 4238 1322 4297 clericorum
1343 4259 1463 4302 suorum
1486 4245 1523 4315 de

334 4330 475 4393 fructibus
495 4333 580 4410 primi
603 4335 670 4392 nnni
691 4337 896 4397 beneficiorum
917 4338 1089 4397 trecensium
1112 4358 1166 4415 per
1179 4340 1349 4398 Triennium
1370 4340 1399 4399 in
1414 4342 1522 4402 eisdem

236 4492 238 4496 ,
335 4432 456 4492 ciuitate
475 4442 505 4493 et
526 4435 636 4501 diocesi
655 4436 888 4499 Vexionensibns
910 4466 952 4476 -
973 4438 1040 4514 .xvj.
1053 4459 1141 4501 mere.
1153 4440 1240 4516 ctvj.
1253 4459 1295 4501 or.
1309 4443 1385 4502 dicte
1397 4455 1522 4505 monete.

665 4539 788 4613 Recepit
799 4539 1024 4614 justnumentum
1045 4541 1185 4603 lacobus.

419 4720 493 4778 Item
515 4739 591 4780 enno
614 4741 672 4798 qno
693 4742 791 4801 snpra.
815 4726 861 4786 die
882 4727 1101 4803 ‚vincennam
1143 4728 1256 4805 Recepi
1276 4748 1294 4785 o
1312 4705 1371 4788 dno
1387 4731 1520 4791 Hereldo

334 4821 481 4897 preposito
504 4822 676 4902 Lincopenei
698 4825 920 4894 subcollectore¹
940 4828 1084 4894 fruetuum
1107 4829 1191 4908 primi
1213 4830 1284 4897 enni,
1311 4831 1517 4891 beneficiorum
