3584 5625
870 403 909 461 82

296 606 362 646 cum
385 588 504 646 dimidia
524 607 615 663 perue
637 596 752 647 monete
775 588 895 649 Swecie.
918 591 1075 649 ascendunt
1093 590 1162 647 dicti
1172 590 1221 666 xij.
1233 589 1488 665 floroniednviij.

296 708 409 748 merces
429 706 520 765 paruo
542 698 663 747 monete.

378 791 452 848 Item
476 790 520 865 .vj.
542 789 630 849 libres
653 791 721 865 niij.
751 793 859 852 solidos
891 793 938 850 iii.
961 793 1094 878 cenerico
1124 792 1338 851 Turonensium
1360 794 1487 870 argenti.

296 891 491 965 computando
513 892 643 968 quolibet
664 892 756 951 solido
777 894 990 952 Turonensium
1011 895 1122 969 argenti
1144 914 1198 970 pro
1220 915 1278 952 ine
1294 905 1434 952 merceet
1449 894 1486 968 ij.

295 992 353 1050 oris
374 993 451 1051 dicte
479 1013 570 1069 perne
590 1004 705 1051 monete
727 994 848 1054 Swecie.
882 996 1039 1054 essendunt
1071 996 1147 1054 dicte
1170 1014 1223 1053 sex
1244 995 1315 1053 libre
1337 995 1406 1069 xiij.
1431 996 1487 1053 sol.

297 1100 326 1151 et
346 1094 392 1151 iii.
415 1094 600 1153 demTuron.
624 1096 743 1172 argenti.
765 1096 811 1154 ed.
824 1096 929 1171 clxvj.
950 1115 1062 1156 merces
1084 1116 1150 1155 cum
1173 1096 1292 1182 ciimidie
1314 1107 1343 1155 et
1364 1096 1488 1154 dimidia
1571 1158 1574 1176 ³

297 1214 349 1253 ora
369 1215 461 1271 perne
482 1185 596 1256 monete
618 1196 740 1258 Swecie.

379 1300 452 1358 Item
477 1299 513 1374 ij.
535 1299 623 1357 libras
644 1298 691 1373 iij.
714 1299 821 1357 solidos
842 1298 889 1356 iii.
913 1299 1045 1356 denarios
1063 1298 1335 1375 sterlingorumqui
1347 1298 1487 1374 sterlengi

296 1400 394 1458 valent
415 1399 501 1475 xviij.
523 1420 636 1459 marcas
658 1400 734 1458 dicte
756 1419 846 1476 perne
868 1401 999 1476 pecunie.

380 1503 454 1560 Item
477 1502 554 1577 xxij.
576 1502 683 1561 solidos
705 1521 771 1560 cum
793 1501 858 1576 .viij.
879 1502 1003 1577 denarijs
1024 1502 1135 1576 argenti
1158 1502 1193 1559 de
1216 1502 1338 1560 Boemia
1360 1520 1484 1577 compu-

296 1611 357 1660 tato
379 1603 508 1678 quolibet
529 1603 622 1662 solido
644 1622 698 1679 pro
721 1624 759 1661 .x.
783 1604 843 1661 oris
864 1604 941 1661 dicte
962 1623 1053 1679 parue
1074 1604 1206 1680 pecunie.
1234 1604 1392 1663 assendunt
1414 1603 1486 1661 dicti

297 1704 404 1781 deuarij
428 1706 463 1764 de
484 1705 605 1763 Boemia
627 1707 664 1764 ed
686 1706 794 1782 xxviij·
816 1725 930 1765 marcas
951 1705 987 1780 .ij.
1010 1726 1076 1764 ores
1098 1705 1134 1781 ij.
1156 1715 1273 1781 artogos
1295 1706 1371 1763 dicte
1392 1724 1487 1781 perne

296 1807 418 1882 pecunie
440 1807 560 1867 Swecie.
583 1827 639 1884 que
662 1809 758 1866 omnia
779 1817 839 1866 tam
859 1808 969 1865 floreni.
991 1809 1177 1866 Turonenses
1200 1806 1485 1882 argentj.sterlengi.

297 1927 385 1983 quam
407 1909 515 1984 denarij
538 1910 574 1967 de
596 1911 718 1968 Boemia
739 1911 855 1988 fuerunt
877 1910 1035 1986 computati
1057 1929 1110 1985 pro
1138 1930 1188 1969 .cc.
1210 1928 1281 1966 xxx.
1308 1907 1433 1965 marchis
1457 1917 1487 1965 et

297 2010 353 2085 .vij.
377 2011 433 2070 oris
456 2021 485 2068 et
506 2012 572 2087 .viij.
595 2011 718 2086 denerijs
740 2033 831 2089 parue
853 2023 968 2070 monete
990 2012 1111 2072 Swecie.

383 2115 454 2171 Item
477 2112 513 2187 .ij.
535 2123 697 2171 marcesci
718 2133 805 2171 vnam
827 2114 942 2172 vnciam
975 2133 1040 2173 cum
1072 2113 1189 2171 dimidio
1220 2113 1322 2171 solido.
1355 2112 1405 2187 qui
1442 2121 1488 2169 est

298 2222 381 2272 sexte
401 2234 469 2290 pers
491 2215 574 2273 vuius
595 2215 679 2274 vncie
700 2215 735 2280 de
763 2235 842 2274 auro.
876 2217 955 2291 quod
982 2235 1086 2274 aurum
1113 2215 1167 2272 fuit
1198 2223 1397 2290 computatum
1431 2232 1486 2287 pro

298 2315 383 2390 cliIij.
407 2316 530 2375 marchis
551 2335 641 2392 perue
663 2324 776 2375 monete
799 2317 925 2377 Swecie

383 2418 456 2474 Item
478 2418 507 2473 in
528 2437 621 2493 parua
642 2419 766 2494 pecunia
785 2428 945 2476 numerate.
989 2418 1165 2493 Recepimus
1189 2437 1241 2476 nos
1263 2419 1349 2476 ambo
1381 2433 1487 2490 supra·

299 2518 367 2577 dicti
389 2538 434 2577 .m.
456 2518 518 2595 viij?
540 2518 618 2594 xlvij.
640 2538 753 2578 marcas
774 2520 811 2595 ij.
833 2539 907 2578 ores·
929 2539 996 2578 cum
1018 2519 1084 2595 ,xvj.
1105 2519 1228 2596 denerijs
1251 2518 1371 2580 Sweuis,

382 2723 429 2781 De
451 2722 555 2799 quibus
573 2723 775 2799 suprascriptis
797 2725 850 2783 dns
882 2744 935 2783 rex
966 2724 1122 2801 Norwegie
1154 2723 1256 2781 hebuit
1287 2721 1488 2779 medietatem.

300 2844 352 2900 pro
375 2835 457 2902 perte
478 2844 539 2885 sue.

384 3030 505 3090 Summa
525 3029 606 3087 nulle
628 3031 663 3088 de
685 3029 809 3106 receptis
827 3050 880 3106 pro
903 3050 1027 3090 camera.

201 3245 298 3286 ruine
384 3232 538 3308 Reliquam
560 3251 629 3289 vero
651 3231 833 3290 medietatem
856 3234 968 3292 decime
996 3234 1186 3311 Lincopensis
1217 3232 1400 3292 Retinuimus
1434 3250 1488 3305 pro

301 3352 415 3392 camera
437 3335 486 3391 dni
508 3353 592 3410 pape.
614 3333 749 3391 videlicet
770 3353 803 3391 .c.
827 3333 865 3390 lv.
888 3354 1002 3407 marcas
1025 3336 1080 3412 .vij.
1102 3336 1203 3394 vncies
1225 3336 1344 3409 argenti.
1368 3351 1487 3407 compu-

300 3444 376 3493 tatos
398 3454 451 3511 pro
474 3435 572 3492 ‚lxxirn
595 3435 718 3493 marchis
741 3444 769 3499 ct
788 3437 835 3494 iii.
860 3437 951 3513 vncijs
973 3438 1049 3496 dicte
1071 3457 1162 3514 parue
1184 3436 1306 3513 pecunie
1328 3442 1488 3492 numerate.

384 3536 459 3594 Item
481 3536 526 3612 .vj.
546 3537 669 3596 florenos
691 3538 764 3595 euri.
791 3539 965 3614 computatis
987 3559 1039 3614 pro
1059 3568 1087 3575 -
1104 3539 1153 3596 ix.
1168 3537 1290 3596 marchis
1308 3537 1383 3594 dicte
1396 3554 1488 3612 parue

302 3638 423 3713 pecunie
446 3637 566 3698 Swecie.

385 3741 456 3797 Item
479 3748 537 3797 tres
559 3739 646 3797 libres
670 3739 715 3814 .vj.
737 3741 789 3798 sol.
812 3741 946 3816 cum.vij.
969 3741 1092 3816 denerijs
1114 3750 1142 3799 et
1166 3741 1283 3799 dimidio
1306 3741 1418 3798 Turou.
1442 3758 1489 3796 ur·

301 3842 387 3916 genti.
409 3859 496 3898 vnam
516 3841 619 3899 libram
642 3841 710 3899 nix.
733 3841 865 3900 denarios
890 3861 955 3901 cum
979 3842 1096 3901 dimidio
1126 3842 1328 3918 sterlingorum
1351 3840 1398 3916 .le.
1420 3839 1488 3898 soli·

302 3943 353 4001 dos
377 3943 433 4019 iiij.
456 3943 589 4000 denarios
610 3942 722 4017 argenti
745 3944 780 4000 de
807 3944 936 4002 Boemia.
968 3944 1083 4002 fuerunt
1106 3944 1203 4002 omnia
1235 3952 1404 4020 computate
1435 3961 1487 4016 pro

301 4065 335 4103 .c.
356 4065 404 4104 xv.
424 4045 549 4103 marchis
572 4054 599 4101 et
623 4043 670 4118 .iij.
692 4044 750 4103 oris
771 4054 799 4102 et
821 4046 946 4104 dimidio.
969 4056 999 4104 ct
1021 4045 1080 4121 iiij.
1104 4045 1227 4121 denerijs
1256 4046 1333 4104 dicte
1365 4043 1489 4120 pecunie

301 4157 458 4205 numerate.

383 4249 459 4308 Item
480 4267 566 4306 vnam
588 4267 714 4307 marcam
737 4256 765 4306 et
787 4248 932 4306 dimidiam
955 4249 1070 4306 vncinm
1091 4268 1157 4307 curn
1179 4258 1284 4324 quarta
1303 4256 1386 4324 parte
1404 4246 1489 4304 vniue

301 4355 385 4413 solidi
407 4356 442 4412 de
463 4370 543 4413 euro.
566 4340 644 4427 quod
665 4369 767 4408 numm
788 4350 841 4409 fuit
864 4361 1063 4427 computatum
1084 4371 1137 4428 pro
1150 4351 1259 4426 Invij.
1272 4350 1396 4408 marchis
1412 4348 1488 4404 dicte

302 4477 393 4533 parue
415 4456 536 4533 pecunie
558 4455 678 4514 Swecie.

387 4561 458 4618 Item
480 4560 510 4616 in
532 4577 624 4634 parua
644 4554 769 4634 pecunia
790 4555 924 4614 Sweuica
945 4553 1026 4630 ,viiije
1047 4555 1127 4628 xxiij.
1148 4573 1259 4613 merces
1282 4571 1347 4610 cum
1370 4548 1489 4608 dimidie

304 4670 333 4718 et
352 4679 410 4718 vua
427 4680 485 4718 ora.
507 4679 572 4718 cum
595 4659 661 4734 .viij.
683 4657 807 4731 denarijs
827 4657 940 4716 Sweuis
961 4658 1127 4715 numeratis.
