3584 5625
855 484 913 543 105

404 672 539 734 'summa
559 671 748 786 munim
769 678 799 729 et
819 671 930 786 “gluti
964 671 1000 728 de
1025 688 1093 797 ⁸rrlijl
1116 720 1180 779 libr.
1203 719 1252 796 xij.
1280 721 1334 780 ecl.
1368 728 1397 780 et
1428 720 1476 797 xj.

419 792 508 833 censu
529 774 661 887 predicto
681 780 862 848 receptorum
880 793 909 830 m
921 773 998 849 Reg·
1025 821 1089 881 den·
1109 841 1199 899 mss·
1222 822 1332 881 Tum
1352 841 1418 882 cum
1439 821 1475 898 ‘ij'

419 894 456 933 nc
477 875 634 949 Nerwegre
668 873 706 932 ed
741 891 856 948 groeeoe
894 874 999 933 reduc·
1027 905 1033 914 ·
1487 897 1495 908 ⁸

316 938 381 1020 [ap]
419 983 514 1035 torum
1024 924 1167 1001 sterlingis
1189 932 1218 982 ct
1239 924 1365 983 dimidio.

420 1145 540 1207 Summe
564 1179 597 1188 -
626 1143 690 1202 auri
720 1143 755 1201 de
783 1142 883 1201 eodem
913 1133 1019 1293 comp
1191 1194 1198 1207 ι
1296 1194 1302 1208 .

419 1246 531 1324 recepti
552 1246 582 1305 in
605 1245 682 1304 dicto
704 1245 806 1321 Regno
823 1244 981 1321 Norwegie
1029 1214 1077 1270 ‘¹¹³‘
1099 1194 1198 1253 ΗΜΘΝ
1221 1213 1312 1271 Pflfffl·

423 1464 544 1525 Summe
564 1464 746 1525 Summarum
763 1462 950 1540 pecuniarum
974 1471 1003 1521 et

423 1564 536 1641 urgenti
558 1564 594 1623 dc
616 1583 704 1625 censu
725 1564 873 1642 sepedicto
903 1582 1002 1641 recep·

422 1674 519 1725 torum
539 1666 568 1724 in
590 1666 673 1726 dictis
701 1667 793 1726 tribue
824 1666 934 1743 Regnie
965 1665 1002 1724 ed

280 1785 283 1792 ·
316 1814 383 1898 [ap]
422 1785 537 1844 groeeee
559 1768 743 1828 reductorum

1029 1511 1136 1588 lxxvij.
1157 1514 1220 1572 libr.
1242 1514 1300 1591 xvj.
1321 1515 1373 1574 sol.
1389 1524 1417 1573 et
1430 1514 1476 1591 iij

1029 1614 1092 1673 den.
1130 1634 1221 1692 grues.
1264 1616 1477 1676 Turonensium

1029 1734 1095 1775 cum
1115 1716 1152 1793 .ij.
1173 1718 1326 1795 sterlingis.

421 1964 461 1975 ·-
485 1937 604 1998 Summe
624 1938 718 1998 tcciue
739 1936 802 1996 curi
829 1937 865 1995 de
898 1936 999 1995 eudem

312 2010 352 2113 ὅ
423 2058 511 2099 censu
532 2040 641 2117 recepti
674 2048 703 2098 et
735 2039 823 2116 empti
853 2038 882 2096 in
915 2038 1000 2098 dictis
1027 2038 1119 2116 celxj.
1141 2038 1241 2098 floreni
1262 2041 1335 2102 euri.

420 2139 529 2217 Regnie

378 2345 453 2406 Item
475 2348 604 2424 Recepte
635 2344 672 2403 de
703 2344 842 2405 fructibus
873 2346 1078 2408 beneficiorum
1109 2346 1280 2405 veciencium
1312 2347 1341 2406 in
1373 2347 1575 2422 Regnorum.

235 2445 239 2455 “
297 2449 403 2512 Suecie
425 2448 476 2507 u'x‘.
498 2448 547 2524 xlj.
569 2465 658 2506 mare.
682 2465 747 2506 cum
769 2448 825 2525 .vij.
845 2469 885 2508 or.
908 2457 1020 2509 monete
1035 2447 1169 2520 Sueuice‚
1180 2456 1355 2508 commutate
1364 2447 1479 2508 luerunt

297 2574 350 2633 pro
371 2581 412 2593 -
434 2552 484 2613 .xl.
506 2552 570 2611 libr.
591 2548 673 2626 xviij.
695 2549 747 2609 eol.
771 2559 800 2609 et
821 2550 877 2627 xij.
904 2552 968 2611 den.
989 2570 1079 2627 grose.
1108 2550 1320 2610 Turoneneium
1353 2568 1418 2610 cum
1441 2548 1479 2626 .ij.

295 2654 448 2733 sterlingie.
471 2653 667 2730 computando
688 2651 777 2729 xxiij.
798 2672 887 2714 merc.
909 2652 984 2711 dicte
1005 2661 1119 2712 monete
1145 2669 1199 2727 pro
1232 2651 1259 2727 ,j.
1292 2652 1367 2711 libre
1397 2669 1478 2729 groe-

294 2775 399 2818 eorum.

378 2859 451 2919 Item
473 2858 604 2934 Recepte
626 2857 661 2914 de
682 2856 790 2916 eisdem
811 2855 951 2916 fructibus
968 2857 998 2915 in
1021 2857 1121 2915 eodem
1149 2857 1253 2932 Regno
1286 2855 1390 2916 Suecic
1412 2856 1477 2932 cxj.

294 2980 382 3020 mere.
405 2969 434 3018 et
456 2959 495 3035 ij.
516 2959 569 3018 sol.
593 2958 705 3035 argenti
726 2958 872 3034 ponderis·
893 2959 1129 3031 Stokholmeneis‚
1162 2965 1335 3016 commutate
1365 2957 1479 3017 luerunt

295 3083 347 3140 pro
369 3091 411 3100 —
434 3061 522 3137 .xxiij.
544 3061 608 3120 libr.
631 3059 679 3135 xij.
702 3059 754 3118 eol.
776 3068 805 3118 et
836 3059 861 3136 i.
892 3062 957 3120 den.
986 3080 1077 3138 grues.
1104 3060 1326 3121 Turonensium.
1361 3078 1477 3135 compu-

297 3165 386 3224 tande
406 3183 494 3223 merc.
517 3162 630 3239 urgenti
652 3178 705 3237 pro
729 3159 866 3236 ‚iiijt'eol
888 3173 917 3221 et
938 3163 984 3238 iij.
1007 3163 1070 3221 den.
1091 3182 1182 3239 grues.
1205 3161 1426 3220 Turoncneium.

377 3265 450 3324 Item
474 3267 605 3340 Recepte
627 3263 662 3321 de
696 3262 779 3320 dictis
811 3254 951 3323 iruetibus
982 3264 1011 3320 in
1044 3264 1122 3322 dieto
1151 3265 1254 3339 Regno
1286 3261 1390 3323 Suecie
1412 3261 1478 3338 aiij.

296 3387 384 3428 merc.
405 3367 517 3444 urgenti
541 3365 677 3443 ponderis
699 3365 827 3424 eiusdem
846 3363 1083 3438 Stokhclmensis‚
1104 3373 1279 3424 commutate
1296 3363 1412 3423 fuerunt
1425 3383 1478 3440 pro

296 3497 334 3508 -
357 3469 393 3546 ij.
414 3468 478 3529 libr.
501 3467 560 3543 xiij.
582 3467 636 3526 eol.
661 3477 690 3525 et
711 3466 738 3543 .j.
762 3466 826 3526 den.
847 3485 938 3543 groee.
960 3467 1182 3526 Turonensium.

378 3570 454 3630 Item
474 3573 605 3647 Recepte
628 3567 821 3628 detractibus
842 3569 1015 3646 supradictis
1036 3569 1066 3626 in
1084 3569 1186 3645 Regno
1198 3567 1302 3629 Sueeie
1320 3574 1478 3626 memorato
1591 3626 1593 3631 ,

299 3698 332 3710 -
356 3673 434 3749 .xvij.
453 3672 506 3732 eol.
530 3682 559 3730 et
581 3670 652 3748 ,iiijc
676 3670 741 3730 den.
762 3689 853 3748 grues·
875 3670 1095 3730 Turonensium.

421 3859 540 3920 Summa
561 3859 752 3935 pecuniarum
774 3866 803 3917 et
829 3857 940 3935 argenti
963 3859 998 3916 de
1025 3857 1123 3934 lxviij.
1157 3857 1222 3916 libr.
1253 3865 1282 3915 ct
1311 3854 1389 3933 .xvij.
1412 3856 1477 3915 den.

421 3961 503 4020 dictis
514 3959 653 4020 fructibus
665 3969 846 4037 receptorum
859 3962 887 4019 in
895 3961 998 4037 Regno
1024 3979 1114 4036 groee.
1137 3959 1349 4019 Turonensium
1362 3977 1427 4018 cum
1439 3958 1477 4035 ij.

316 4109 381 4191 [apt]
420 4062 525 4124 Suecie
538 4063 576 4122 ad
587 4082 676 4140 grues.
687 4062 872 4121 reductorum
1025 4063 1175 4140 sterlingie.

421 4233 541 4295 Summa
564 4267 601 4276 —-
625 4232 689 4291 auri
716 4234 751 4290 dc
773 4232 880 4292 eisdem
902 4232 1000 4292 fructi·

419 4337 474 4394 bue
486 4335 596 4412 recepti
611 4334 641 4392 in
657 4335 758 4393 eodem
775 4335 878 4411 Regno
896 4336 1001 4397 Suecie

1005 4225 1130 4424 {.cxlvij.
1152 4282 1253 4341 floreni
1274 4283 1346 4341 auri.
1504 4319 1519 4362 t

376 4537 452 4597 Item
473 4537 603 4614 Recepte
625 4539 661 4597 de
683 4538 819 4615 predictis
840 4538 980 4599 fructibus
1011 4539 1216 4598 beneficiorum
1248 4538 1419 4597 vacuncium
1448 4538 1479 4598 iu

296 4639 396 4716 Regno
417 4639 576 4715 Norwegie
599 4648 639 4699 .v0.
659 4640 769 4715 xxxvij.
792 4660 880 4700 marc.
904 4640 952 4716 vij.
974 4661 1015 4698 or.
1038 4650 1067 4699 et
1088 4640 1123 4717 ij.
1142 4639 1194 4698 eol.
1207 4639 1478 4699 moneteNoricane

297 4749 471 4800 commutate
492 4739 608 4798 fuerunt
629 4761 682 4815 pro
707 4769 741 4779 -
766 4740 852 4817 .xxrj.
874 4742 939 4800 libr.
961 4741 1029 4816 xvij.
1049 4741 1101 4801 eol.
1124 4750 1153 4799 et
1173 4741 1221 4818 .xj.
1243 4742 1307 4799 den.
1338 4761 1403 4800 cum
1435 4741 1478 4798 di·

297 4842 384 4902 midio
401 4861 492 4919 groee.
513 4842 734 4902 Turoneneium.
757 4844 951 4918 computando
963 4861 1051 4902 mere.
1063 4844 1127 4902 den.
1138 4860 1191 4919 pro
1203 4841 1229 4917 j.
1240 4843 1292 4902 eol.
1304 4861 1478 4920 groeeomm.
