3584 5625
817 444 835 499 9

321 648 378 705 que
400 629 647 707 superintendens
673 626 783 704 recepit
809 647 863 704 pro
893 627 953 687 suis
980 629 1123 704 expensis,
1155 641 1185 689 et
1204 648 1261 706 que
1285 628 1423 704 expondit

320 750 373 806 pro
405 732 522 808 negotio
552 730 662 788 decime
684 729 814 787 ascendit
835 730 872 787 ad
900 757 931 765 -
957 730 1027 787 lxxt'
1070 731 1191 806 ccclxiij.
1212 731 1354 801 marchas,
1376 730 1424 805 iiij.

321 832 429 891 solidos
451 843 480 891 et
501 832 538 907 vj.
562 835 626 891 den.
645 831 828 891 denariorum
851 850 1033 908 capreorum.
1416 827 1418 834 '

321 937 360 994 Et
378 935 419 996 sic
442 935 507 1010 plus
529 933 673 992 invenitur
696 931 853 989 cambitum
875 941 905 991 et
924 952 1083 1007 expensum
1111 951 1198 1009 quam
1219 942 1367 1008 receptum
1388 933 1423 989 de
1431 944 1463 980 m.
1471 942 1496 980 ‘²⁶
1505 944 1523 981 b-

237 1039 322 1098 dictis
340 1036 464 1096 marchis
485 1016 677 1094 denariorum
704 1066 736 1076 -
768 1032 888 1109 lxxxxij.
919 1037 1045 1107 marche,
1068 1035 1126 1110 iiij.
1150 1036 1204 1094 sol.
1231 1044 1260 1092 et
1281 1034 1326 1109 .vj.
1358 1035 1423 1092 den.

237 1138 420 1197 denariorum
440 1155 622 1213 capreorum.

321 1240 416 1315 Super
444 1258 503 1315 quo
526 1238 595 1296 dicit
607 1237 851 1313 superintendens
872 1237 950 1312 qnod
971 1255 1061 1298 cause
1081 1240 1181 1297 subest
1202 1248 1235 1297 ut
1255 1241 1426 1317 creditquia

236 1342 309 1400 forte
331 1325 569 1416 plures'merehe
591 1339 775 1397 denariorum
798 1337 914 1395 iuueute
936 1349 1003 1397 sunt
1023 1339 1052 1396 in
1074 1341 1201 1415 pondere
1223 1350 1353 1417 tempore
1380 1362 1423 1399 re·

237 1442 407 1518 cognitionis
428 1451 543 1499 monete
565 1459 651 1517 quam
679 1438 878 1497 inuenirsntur
899 1439 1061 1516 inscriptis
1087 1441 1182 1499 solute
1211 1452 1241 1501 et
1268 1464 1326 1501 non
1354 1444 1426 1519 petit

237 1564 285 1603 ees
307 1543 361 1602 sibi
384 1541 505 1602 restitui.

403 1646 479 1704 Item
491 1642 612 1702 Summa
630 1653 815 1718 receptarum
837 1642 1019 1700 marcharum
1042 1642 1071 1700 in
1093 1654 1214 1719 argento
1236 1647 1272 1703 de
1282 1650 1376 1708 Dacia
1398 1660 1427 1709 et

321 1747 428 1808 Suesia
460 1745 490 1802 iu
523 1744 659 1802 uniuerso
683 1772 730 1804 -4
745 1762 783 1802 m.
804 1741 846 1817 vj⁰.
868 1741 916 1816 vij.
947 1745 1064 1801 marche
1090 1754 1119 1802 et
1146 1764 1181 1804 .v.
1207 1751 1293 1808 vucie
1315 1752 1426 1828 argenti

321 1847 524 1922 sterlingorum
554 1874 578 1881 -
609 1845 646 1901 de
675 1845 780 1922 quibus
810 1843 969 1918 clxxxxvj.
1000 1847 1116 1904 marche
1138 1861 1288 1910 remanent
1308 1852 1337 1910 in
1360 1873 1426 1929 par·
1500 1845 1506 1852 ’

321 1948 398 2007 tibus
420 1947 485 2019 iltis,
517 1947 546 2003 in
567 1946 699 2022 deposito
722 1957 764 2004 est
788 1973 823 1983 -
849 1946 929 2004 cccl.
953 1948 1086 2007 marchas
1107 1949 1206 2008 debuit
1233 1972 1286 2028 pro
1314 1954 1426 2012 decima

319 2049 487 2125 Episcopus
499 2047 688 2123 Lincopsnsis
706 2057 735 2105 et
755 2047 796 2104 sic
819 2056 862 2105 est
882 2066 996 2106 summe
1018 2068 1117 2107 esrum
1141 2085 1175 2093 —
1201 2061 1234 2110 vt
1254 2056 1324 2131 xlvj.
1349 2076 1423 2114 mar·

321 2150 374 2209 ohe
396 2149 508 2226 argenti
532 2158 560 2207 et
582 2157 758 2206 commutate
783 2174 813 2185 -
842 2167 881 2206 m.
905 2149 955 2224 lxj.
976 2153 1094 2209 marche
1114 2162 1143 2211 et
1164 2173 1200 2213 π.
1222 2156 1314 2215 vecie.

375 2231 382 2250 ¹
405 2251 525 2313 Summe
547 2249 732 2310 Summarum
754 2250 880 2309 omnium
912 2253 1095 2311 marcherum
1127 2256 1246 2332 argenti.
1271 2256 1365 2314 Decio
1398 2267 1428 2315 et

322 2354 426 2415 Suecie
449 2352 639 2412 cambitarum
661 2370 713 2410 seu
735 2361 977 2412 commutaturum
1005 2356 1043 2413 ad
1070 2366 1222 2433 argentum
1250 2359 1288 2415 sd
1313 2359 1427 2434 pondus

321 2457 467 2515 Trecense
497 2464 526 2511 et
555 2473 654 2512 earum
682 2473 739 2529 qus
765 2466 914 2512 remanent
940 2455 970 2513 in
999 2456 1131 2533 deposito
1158 2459 1187 2516 in
1208 2459 1305 2519 Dacia
1323 2471 1352 2519 et
1370 2482 1426 2537 que

321 2557 463 2616 debentur
486 2575 540 2633 per
561 2556 743 2632 Episcopum
764 2555 976 2632 Lincopsnsem
1001 2586 1037 2598 -
1061 2577 1098 2618 m.
1120 2562 1161 2637 vjt
1187 2560 1233 2638 vij.
1255 2569 1372 2625 marche
1399 2576 1428 2625 et

321 2678 349 2715 v.
385 2659 468 2717 vnoie
491 2656 602 2732 argenti
626 2656 718 2715 etsie
740 2655 816 2715 iaetu
837 2659 1072 2733 compensatione
1093 2671 1277 2738 receptorum
1299 2667 1336 2724 ed
1364 2667 1428 2745 ipse

321 2760 454 2836 deposita
475 2768 504 2818 et
527 2765 705 2817 commutata
725 2757 872 2816 inuenitur
893 2758 929 2816 de
952 2772 1072 2838 argento
1095 2772 1426 2830 tantumcommutetum

321 2872 350 2922 et
371 2861 535 2939 depositum
557 2870 697 2937 quantum
720 2869 878 2937 receptum.

404 2965 479 3021 Item
500 2962 643 3040 reperitur
665 2972 873 3022 commutatum
894 2983 997 3024 eurum
1015 2988 1115 3044 -pro
1138 2971 1226 3030 .lxxv.
1246 2972 1327 3032 libris
1350 2975 1426 3032 Tur·

320 3069 470 3128 anensium
492 3069 643 3127 minorum.

404 3172 478 3229 Item
501 3171 684 3246 reperiuntur
705 3175 881 3226 commutate
903 3172 1019 3229 marche
1031 3173 1214 3234 denariorum
1237 3176 1272 3234 de
1282 3176 1350 3236 Rus
1371 3196 1424 3252 pro

324 3300 359 3312 ··
386 3293 452 3332 cxx,
473 3273 554 3331 libris
577 3269 792 3329 Turonensium
815 3269 966 3328 minorum.
1028 3259 1032 3271 “

404 3375 451 3433 De
473 3375 610 3450 predictis
633 3369 907 3431 commutationibus
930 3377 1111 3434 marcherum
1124 3378 1307 3437 denariorum
1319 3389 1347 3437 ut
1359 3399 1424 3456 arg·

321 3476 380 3534 enti
402 3485 431 3535 et
452 3476 514 3533 auri
538 3485 650 3534 constat
672 3473 749 3550 qnod
773 3479 1132 3536 estsummamarcharum
1151 3481 1264 3556 argenti
1280 3482 1317 3538 ad
1333 3483 1425 3556 pond·

322 3597 356 3636 us
387 3579 548 3650 Trecense‚
587 3575 718 3634 deductis
751 3573 808 3631 iilis
843 3575 975 3645 marchis
999 3597 1057 3654 que
1092 3582 1207 3641 uendite
1241 3583 1356 3642 fuerunt
1385 3613 1425 3622 -

321 3679 369 3755 vjtn
407 3680 484 3738 clxx.
509 3680 634 3750 marche,
660 3676 697 3752 vj.
725 3676 819 3747 vecie,
852 3684 879 3733 et
904 3676 927 3750 j.
954 3690 1074 3755 quartus
1107 3685 1219 3760 argenti
1246 3687 1284 3743 ud
1313 3687 1426 3763 pondus

321 3783 476 3842 Trecense.

405 3885 480 3942 Item
502 3912 543 3920 —
565 3889 623 3940 xvi¹
642 3881 751 3955 ccclvij.
763 3882 834 3941 libre
857 3892 885 3941 et
904 3884 961 3959 aij.
984 3885 1035 3944 sol.
1051 3886 1272 3947 Turonensium.

408 3986 482 4044 Item
494 3985 589 4043 adhuc
611 3993 679 4042 sunt
699 3983 865 4059 assignandi
880 4014 915 4023 —
931 3986 988 4060 liiij.
1011 3987 1094 4046 solidi
1113 3999 1139 4046 et
1163 4010 1201 4048 .x.
1224 3989 1332 4067 denarij
1354 4001 1425 4053 ster·

322 4087 475 4164 lingarum.

320 4291 366 4348 De
388 4289 525 4366 predictis
547 4297 667 4365 argento
690 4298 718 4346 et
739 4291 958 4350 Turonensibus
980 4292 1054 4352 facte
1087 4304 1153 4354 sunt
1182 4314 1308 4371 expenso
1338 4296 1425 4354 inira·

236 4391 343 4467 scripte
365 4411 418 4468 pro
441 4394 611 4452 executione
634 4395 752 4453 decime.

236 4594 345 4670 putatis
367 4595 396 4652 in
418 4594 472 4669 hijs
494 4615 529 4652 .v.
550 4596 630 4655 libris
651 4596 868 4654 Parisiensium.

321 4694 395 4754 Item
416 4725 457 4734 -
480 4694 537 4773 lvij.
559 4700 674 4756 marche
696 4697 772 4772 aiiij.
796 4697 879 4756 solidi
901 4707 930 4756 et
952 4697 997 4774 xj.
1021 4701 1128 4777 denarij
1150 4702 1362 4779 sterlingorum.
