3584 5625
838 498 876 568 ib

355 695 428 756 Item
449 694 550 755 eadem
573 694 619 753 die
640 695 728 754 habui
750 714 768 754 e
790 695 847 753 dfm
869 694 959 753 Petro
981 695 1082 755 Herba
1104 694 1316 773 archidyacono
1337 694 1453 755 Roslril·
1470 708 1556 748 mne.

272 796 351 857 densi
371 818 424 875 per
446 817 548 857 manus
570 795 706 857 Nicholai
728 796 826 856 clerici
848 796 892 855 sni
914 797 1032 856 racione
1054 796 1164 855 decime
1194 798 1304 855 dudum
1337 798 1457 857 collecte
1545 803 1547 808 '

270 917 323 975 per
344 917 410 958 enm
431 900 460 958 in
482 899 599 959 ciuitate
622 908 651 957 et
671 897 778 958 diocesi
793 895 1034 957 Roskildensibus
1064 927 1089 935 -
1119 898 1164 974 iij.
1187 918 1275 959 marc.
1297 918 1363 959 cum
1385 899 1456 958 dim!

270 1000 382 1076 argenti
403 1000 539 1077 ponderis
562 999 750 1061 Coloniensis.

456 1101 567 1161 Habuit
589 1101 700 1161 litteras
721 1100 804 1159 datas
825 1099 855 1158 in
876 1100 977 1158 eadem
997 1099 1068 1158 ville
1094 1098 1272 1176 Malmeghe.

349 1187 426 1261 ¹Item
447 1203 544 1280 recepi
567 1203 604 1261 ab
627 1201 780 1261 heredibus
802 1199 852 1259 dr'ri
873 1200 1023 1259 Bondonis
1040 1200 1175 1261 Nicbolai
1194 1201 1340 1277 quondam
1353 1200 1455 1260 decani

267 1301 466 1364 Roskildensis
488 1314 517 1363 et
540 1303 701 1364 collectoris
722 1302 833 1361 decime
846 1289 985 1379 'predicte
1006 1323 1059 1380 per
1081 1321 1183 1361 manus
1204 1302 1253 1361 dni
1284 1296 1362 1362 Petri
1392 1303 1456 1361 Ka·

266 1401 322 1463 roli
342 1403 483 1465 canonici
504 1404 704 1465 Roskildensis
725 1433 767 1443 -
789 1402 835 1478 .vj.
857 1422 946 1462 marc.
969 1403 1091 1478 argenti.

352 1505 423 1564 item
445 1526 498 1583 per
518 1526 620 1567 manus
641 1504 784 1565 Jobannis
804 1503 922 1565 Nicolai
946 1503 1043 1562 clerici
1065 1504 1227 1565 Lundensis
1246 1536 1278 1544 -
1296 1506 1353 1581 .vij.
1366 1525 1453 1564 marc.

265 1625 326 1682 arg.
347 1608 484 1684 ponderis
506 1607 687 1669 Coloniensis
709 1616 738 1666 et
764 1606 810 1682 iij.
842 1607 893 1666 sol.
927 1625 993 1665 oum
1026 1605 1145 1665 dimidio
1176 1626 1267 1683 gross.
1300 1608 1453 1667 Turonen-

265 1706 339 1765 sium
361 1708 397 1767 de
419 1709 544 1785 pecunia
566 1709 689 1769 collecta
710 1728 763 1785 per
785 1707 892 1768 dictum
923 1708 1064 1768 decenum
1098 1708 1286 1768 collectorem
1318 1709 1453 1769 restantis

265 1808 376 1870 decime
396 1810 571 1888 supradicte.

870 1997 937 2074 .xvj.
971 2017 1058 2057 merc.
1092 2017 1157 2056 cum
1190 1998 1309 2057 dimidia
1340 2000 1451 2076 argenti

308 2119 375 2200 [apl
440 2125 561 2186 Summa
593 2125 677 2184 huius
708 2124 814 2201 pagine
878 2082 1258 2226 11·p⁰⁰i⁰ri⁵c⁰li1¹·³i⁰·¹i⁵·i⁸'

869 2188 918 2243 ·J·
945 2187 978 2227 80
1031 2187 1097 2226 oum
1149 2187 1198 2225 lml
1219 2188 1247 2227 ιο
1280 2187 1446 2245 grossorum

912 2252 1134 2316 Turonensium.

871 2447 913 2498 .v0.
934 2439 971 2516 vj.
994 2459 1082 2498 maro.
1103 2439 1140 2515 vj.
1163 2458 1204 2498 or.
1227 2448 1256 2497 et
1277 2438 1313 2514 ij.
1333 2438 1385 2499 sol.
1403 2458 1450 2499 ar·

371 2561 377 2578 .
435 2540 557 2601 Summa
578 2545 705 2601 omnium
723 2561 842 2619 percep.
911 2524 991 2602 genti
1011 2524 1148 2602 ponderis
1170 2523 1358 2584 Coloniensis.

392 2621 398 2633 ·
432 2644 576 2701 tommde
598 2643 716 2703 ciuitate
737 2654 766 2702 et
782 2644 842 2703 dio·
870 2609 941 2687 ‚iiijr
960 2610 1024 2669 libr.
1056 2609 1114 2685 xvj.
1147 2608 1214 2668 sol..
1233 2619 1262 2667 ct
1292 2609 1349 2684 .vij.
1383 2610 1449 2668 den.

266 2685 404 2765 [appoto]
436 2744 494 2803 cesi
533 2744 771 2805 Roskildensibus
807 2746 842 2805 de
869 2696 1447 2858 χχῗοῗὶερτῖῗιᾟᾚ.(100010011ηὲ0111111·

351 2850 389 2963 β
436 2846 548 2905 (1θῦ1ωῆ
569 2848 701 2924 predicta
870 2866 895 2940 .j.
919 2886 1007 2926 marc.
1030 2886 1095 2926 cum
1118 2865 1237 2925 dimidie
1259 2865 1330 2923 euri.

869 2953 936 3028 .xxj.
958 2953 1057 3011 floren.
1079 2955 1173 3028 parui.

703 3219 929 3229 m——uo-u
944 3221 971 3228 ..0
985 3222 1004 3229 .-

316 3436 368 3510 De
392 3441 536 3534 receptis
563 3462 607 3512 ex
634 3439 761 3512 decima
788 3439 961 3513 sexannali
986 3444 1019 3512 in
1046 3444 1178 3514 ciuitate
1205 3454 1238 3514 et
1264 3440 1389 3513 diocesi
1457 3460 1539 3498 ‹.m.

587 3558 785 3654 Ripensibus
812 3564 844 3632 in
870 3582 978 3653 regno
1004 3561 1119 3632 Dacis.

344 3730 431 3790 Anno
453 3731 503 3789 dr’ri
525 3740 575 3791 ml
597 3742 661 3793 cccl
682 3733 777 3811 xxxijl
799 3735 853 3793 die.
866 3741 939 3793 xxi·
955 3733 1060 3793 mensis
1078 3734 1159 3810 Julij.
1182 3735 1292 3812 Recepi
1316 3754 1333 3792 e
1355 3735 1445 3811 magi·

256 3838 318 3889 stro
340 3832 480 3891 Tuohone
501 3834 727 3912 Archidyecono
747 3836 868 3913 Ripensi
889 3824 1002 3913 pridem
1024 3835 1178 3895 collectore
1201 3836 1312 3894 decime
1341 3855 1445 3894 sexen-

257 3932 330 3990 nalis
351 3932 379 3991 in
401 3934 494 4011 posite
516 3935 544 3993 in
566 3936 687 3996 concilio
709 3937 868 3996 Viennensi
889 3957 943 4014 pro
965 3936 1092 3997 subsidio
1114 3947 1190 3997 terre
1223 3948 1322 3997 sancte
1354 3938 1445 4015 depu-

255 4043 318 4092 tato
340 4026 374 4093 in¹
391 4035 509 4096 ciuitate
531 4047 560 4096 et
582 4037 689 4098 diocesi
711 4039 887 4116 Ripensibus
915 4039 951 4097 de
979 4039 1108 4116 pecunijs
1141 4040 1265 4118 receptis
1297 4059 1333 4098 ex
1367 4040 1446 4098 dicta

256 4133 370 4194 decima
390 4137 417 4193 in
440 4137 557 4198 ciuitate
580 4148 609 4198 et
630 4139 738 4199 diocesi
759 4141 896 4218 predictis
916 4149 975 4200 tam
997 4161 1050 4218 per
1079 4161 1144 4200 eum
1174 4160 1261 4218 quem
1293 4161 1345 4218 per
1375 4141 1443 4198 dr‘rm

255 4234 375 4294 Petrum
398 4239 544 4313 quondam
566 4241 823 4318 Archidyaconum
845 4243 1080 4320 predecessorem
1102 4262 1187 4303 suum
1215 4253 1245 4302 et
1273 4242 1444 4319 magistrum

255 4336 415 4396 Astradum
438 4339 547 4400 dadum
570 4343 739 4402 canonicum
763 4344 884 4404 ecclesie
906 4344 1039 4422 Ripensis
1061 4344 1130 4403 olim
1151 4344 1227 4404 dicte
1250 4345 1360 4403 decime
1383 4343 1443 4403 col·

254 4437 377 4498 lectores
398 4442 491 4517 primo
514 4471 554 4480 -
577 4445 663 4521 cxviij.
685 4445 747 4504 libr.
770 4465 835 4504 cum
858 4447 904 4522 iij.
926 4447 977 4505 sol.
998 4466 1088 4523 gross.
1112 4447 1222 4505 Toron.
1245 4448 1366 4522 argenti.

339 4541 411 4599 Item
438 4571 470 4582 -
497 4544 543 4604 ix.
565 4546 629 4605 libr.
652 4567 717 4605 cnm
740 4547 796 4624 .vij.
817 4548 870 4608 sol.
893 4549 1104 4625 sterlingorum.

339 4643 414 4702 Item
438 4673 473 4682 -
499 4647 599 4723 ccciij.
620 4650 718 4709 floren.
741 4670 848 4727 peruos
871 4650 942 4709 euri.

339 4746 413 4806 Item
435 4746 475 4786 '-
496 4749 543 4809 .lv.
566 4751 630 4809 dcn.
652 4752 715 4810 anri
738 4752 773 4810 de
795 4771 900 4813 messa.

339 4847 413 4907 Item
435 4879 474 4890 —
498 4850 554 4928 .xij.
575 4871 666 4930 agnos
688 4854 760 4914 auri.
