3584 5625
871 431 910 491 81

379 616 467 675 Anno
490 634 548 693 quo
569 635 659 693 supra
680 625 710 676 et
729 616 819 693 xij·
846 616 893 674 die
915 616 1021 676 mensis
1043 614 1180 685 Ianuarii.
1234 614 1409 693 Recepimus
1430 635 1484 675 noe

295 716 382 775 freter
403 718 547 776 Iohannes
570 718 606 776 de
627 718 737 778 Scione
760 727 789 776 et
810 718 977 777 Bernartius
1005 717 1041 776 de
1064 716 1183 779 Ortolis.
1215 735 1234 773 a
1265 716 1323 774 dno
1346 717 1483 794 episcopo

245 859 248 864 -
297 816 487 894 Stringineusi
501 819 537 877 de
556 819 670 877 decima
688 821 873 897 episcopatus
890 818 1095 896 Stringinensis
1107 838 1140 877 .c.
1151 837 1221 876 xxx.
1233 835 1346 876 marcae
1363 817 1484 893 argentj.

296 919 348 977 init
369 928 537 1004 computata
559 921 688 997 quelibet
709 941 808 982 maroa
837 921 949 998 argenti
972 939 1026 997 pro
1045 939 1072 978 v.
1087 920 1211 979 marchis
1225 919 1382 977 numerans
1393 937 1485 996 parue

297 1030 410 1079 monete
431 1020 553 1082 Swecie.
574 1022 701 1082 aseendit
720 1022 828 1082 dictum
851 1034 1012 1099 argentum.
1045 1022 1083 1080 ad
1115 1019 1166 1096 .va
1196 1020 1215 1079 l.
1248 1037 1361 1078 marcae
1393 1038 1485 1096 paruo

298 1132 412 1181 monete
435 1121 557 1183 Swecie.

380 1225 456 1282 Item
478 1223 659 1300 Recepimus.
682 1243 700 1281 a
722 1225 798 1284 dicto
822 1226 879 1284 dfio
908 1224 1045 1301 episcopo
1066 1222 1257 1300 Stringinensi
1279 1203 1324 1281 m.
1347 1242 1372 1283 c.
1394 1221 1483 1297 xxvij.

297 1344 410 1385 marcas
430 1326 459 1383 in
482 1344 575 1401 parua
596 1326 729 1403 pecunia.

381 1530 429 1588 De
450 1513 557 1607 quibus
579 1527 680 1586 habuit
702 1529 756 1587 dus
778 1548 838 1586 rex.
861 1528 1020 1605 Norwegie
1048 1523 1231 1587 medietatem
1261 1527 1396 1586 videlicet
1416 1526 1484 1586 va.

298 1652 410 1693 marcas
432 1630 544 1708 argenti
566 1629 604 1687 ad
625 1630 738 1706 pondus
760 1631 796 1688 de
819 1630 982 1691 StocolmIs.

381 1735 456 1793 Item
478 1733 507 1791 in
529 1750 622 1808 parua
642 1732 767 1808 pecunia
789 1731 924 1792 Sweuica
955 1738 997 1789 .v⁰.
1028 1730 1099 1809 lxiij.
1126 1750 1241 1791 mareas
1269 1750 1335 1791 cum
1368 1728 1488 1789 dimidia

298 1845 463 1895 numeratae
484 1833 662 1893 admodum
685 1832 808 1894 Swecie.

383 2037 538 2114 Reliquam
559 2056 629 2095 vero
656 2036 840 2095 medietatem
871 2036 1054 2096 Retiuuimus
1086 2055 1139 2112 pro
1172 2056 1287 2095 camere
1320 2035 1367 2111 dnj
1402 2052 1487 2111 pape.
1536 2028 1538 2036 ’

300 2140 434 2198 videlicet
456 2139 523 2198 .lxv.
545 2158 658 2198 marcas
680 2138 792 2215 argenti
813 2139 851 2195 ad
872 2138 987 2215 pondus
1008 2138 1045 2195 de
1072 2138 1234 2200 Stocolmis.
1263 2139 1379 2196 fuerunt
1410 2155 1487 2195 com·

300 2251 400 2317 putate
422 2260 475 2318 pro
497 2240 548 2316 ‚iije
569 2259 638 2298 xxv.
660 2240 784 2299 marchis
805 2239 963 2298 numeratis
986 2240 1062 2299 dicte
1083 2259 1175 2316 parue
1196 2241 1319 2315 pecunie
1341 2238 1463 2300 Swecie.

384 2343 459 2400 Item
480 2342 509 2400 in
538 2361 630 2418 parua
657 2341 782 2417 pecunia
811 2340 924 2402 Swecie
956 2348 996 2398 .v⁰.
1026 2341 1095 2416 lviij.
1126 2360 1239 2399 marcas
1272 2359 1338 2400 cum
1371 2339 1490 2397 dimidia

301 2453 466 2503 numeratas
488 2443 526 2501 ad
548 2443 666 2501 modum
688 2441 810 2502 Swecie.

386 2630 507 2690 Summa
527 2626 633 2705 pagine
656 2628 692 2686 de
710 2628 848 2704 Receptis
870 2648 923 2704 pro
945 2648 1060 2687 camora
1082 2629 1129 2704 duj
1152 2587 1243 2688 nostri
1265 2648 1341 2706 pepe
1363 2635 1407 2686 est

369 2742 435 2825 [ul
480 2712 826 2874 'ivnssiiiciigiii
841 2714 1079 2876 tutudit
1093 2713 1255 2876 ῗὲοῗέἷῗε·

783 3040 1010 3146 Lincopensis.
1329 3092 1333 3101 ,
1492 3075 1592 3115 nnn.

388 3239 512 3299 Decima
532 3236 715 3314 episcopatus
736 3239 926 3318 Lincopensis
944 3241 1072 3300 aseendit
1088 3242 1125 3299 de
1145 3260 1197 3299 sex
1209 3240 1291 3299 annis
1303 3239 1340 3297 ad
1352 3255 1493 3298 summam

305 3344 363 3420 iij‘.n
388 3344 449 3420 .vij⁰.
480 3338 571 3413 lxxxj.
593 3358 706 3398 marcae
722 3319 817 3417 parua
840 3352 955 3400 monete
978 3342 1089 3402 Swecie
1110 3350 1276 3400 numeratas
1305 3340 1343 3399 ad
1375 3340 1494 3398 modum

305 3445 426 3508 Swecie.
449 3463 505 3519 que
527 3440 653 3516 pecunia
675 3443 751 3501 dicte
773 3442 883 3500 decime
905 3443 1028 3501 collecta
1052 3453 1080 3500 et
1101 3445 1228 3521 reposita
1249 3444 1342 3502 fuerat
1363 3439 1495 3500 insacri·

305 3547 362 3606 stia
384 3545 504 3604 ccclesia
524 3544 723 3620 LincopensIs.
746 3552 775 3600 et
796 3544 927 3620 Recepta
948 3564 1001 3620 per
1021 3563 1083 3602 nos.
1117 3545 1234 3603 tratrem
1265 3546 1425 3603 Iohannem
1460 3543 1496 3600 de

306 3647 424 3709 Serone.
447 3655 476 3703 et
497 3647 531 3704 B.
554 3646 590 3703 de
612 3645 721 3706 Ortoh's
743 3664 761 3702 a
784 3645 841 3702 duo
864 3645 1001 3722 episcopo
1024 3646 1199 3723 Lincopensi
1231 3647 1261 3704 in
1295 3648 1412 3705 modum
1446 3644 1495 3720 qui

307 3749 446 3826 sequitur.

390 3851 479 3909 Anno
501 3867 559 3924 quo
581 3868 678 3926 supra.
701 3858 730 3906 et
751 3849 820 3925 ,ij
845 3848 891 3906 die
921 3849 1026 3908 mensis
1056 3849 1206 3925 Febroarij
1238 3849 1416 3925 Recepimus
1444 3866 1497 3906 uos

307 3952 394 4011 frater
415 3953 560 4010 Iohannes
582 3951 618 4008 dc
637 3950 754 4011 Serone.
777 3961 806 4009 et
827 3952 862 4009 B.
874 3951 910 4008 de
923 3951 1033 4011 Ortolis
1055 3970 1073 4008 a
1092 3952 1150 4010 dno
1173 3952 1311 4030 episcopo
1323 3948 1499 4026 Lincopenei

308 4055 344 4112 de
367 4054 479 4113 decima
500 4051 625 4110 ciuitatis
648 4060 677 4109 et
698 4051 820 4112 diocesis
841 4051 1016 4129 lincopensis
1038 4049 1091 4129 ‚iiji
1113 4073 1225 4113 marcas
1247 4073 1312 4113 cum
1336 4051 1383 4127 .vj.
1406 4049 1497 4126 vncijs

308 4155 420 4230 argenti
438 4155 475 4212 ad
497 4153 611 4230 pondus
634 4153 670 4210 de
692 4153 854 4213 Stocolmis.
876 4153 929 4211 iuit
950 4165 1118 4232 computata
1134 4156 1263 4233 quelibet
1275 4174 1374 4213 marca
1386 4150 1496 4228 argentj

307 4275 360 4333 pro
382 4274 409 4313 v.
431 4255 557 4314 marohIe
577 4273 669 4331 parue
690 4255 813 4331 pecunie
835 4255 948 4316 Swecie
970 4258 1128 4317 numeratis
1154 4259 1192 4316 ed
1222 4257 1341 4314 modum
1374 4253 1497 4316 Swecie.

308 4358 435 4416 aseendit
456 4357 564 4415 dictum
585 4367 737 4433 argentum
759 4358 796 4415 ed
819 4376 864 4415 .m.
887 4364 920 4415 vt
941 4357 1009 4433 lviij.
1033 4377 1146 4419 marcas
1168 4368 1198 4418 et
1229 4358 1275 4433 .vj.
1307 4377 1374 4417 oras
1406 4374 1498 4432 paruo

309 4469 424 4518 monete
446 4458 568 4519 Swecie.

395 4557 482 4618 Item¹
506 4559 560 4636 xij.
583 4562 644 4621 flor.
667 4561 737 4620 auri.
761 4570 928 4638 computato
950 4563 1080 4638 quolibet
1101 4564 1210 4621 floreno
1231 4581 1284 4638 pro
1312 4581 1369 4620 vna
1401 4579 1500 4619 marca

350 4722 359 4752 ¹
377 4727 464 4777 Forau
483 4722 578 4787 „Item“
598 4742 625 4777 er
642 4729 687 4778 der
703 4727 713 4775 i
729 4727 837 4793 Margen
855 4727 949 4778 tilIeict
967 4738 993 4778 et
1010 4728 1024 4787 †
1042 4731 1100 4780 med
1118 4744 1150 4779 eu
1167 4728 1326 4792 Indcirkling
1344 4727 1383 4778 ior
1395 4727 1500 4776 denter·

379 4820 444 4862 mest
461 4811 581 4876 felgende
599 4814 624 4862 ni
643 4811 665 4873 (i
683 4813 834 4877 Originaleu
852 4811 880 4874 6)
898 4812 994 4877 Liujer.
