3584 5625
902 480 959 537 ltu

251 679 336 720 mssa
421 670 494 727 Item
517 688 573 726 .xx.
595 669 641 725 die
662 666 793 740 danuarij
817 668 893 725 exini
917 668 1051 727 Sceniam
1074 681 1103 727 at
1124 671 1227 728 intrani
1258 671 1398 729 Snaoiam⁴
1424 672 1524 729 eundo

338 771 373 827 ad
396 770 489 845 ipsum
512 771 579 827 dnm
601 771 711 843 Regem
733 779 761 825 et
789 769 854 825 dedi
886 770 1054 828 ductoribus
1086 772 1113 827 in
1146 772 1196 829 nia
1228 772 1276 829 iIIe
1301 800 1336 809 -
1363 772 1410 847 .vj.
1432 792 1524 832 marc.

337 872 401 929 den.
426 867 588 932 Sueborum
611 882 706 945 preter
727 888 868 945 expensas
891 890 964 945 quas
985 871 1059 928 solui
1082 893 1134 946 pro
1156 874 1206 931 eis.

420 973 493 1029 Item
516 973 709 1030 misi‘Iitteras
732 973 789 1028 dno
812 981 910 1028 nostro
933 967 1023 1047 [pape]
1048 982 1076 1028 et
1095 975 1153 1031 dno
1174 975 1333 1045 camerario
1356 995 1421 1034 cum
1446 977 1524 1034 rela-

338 1075 420 1133 cione
442 1075 626 1149 negociorum
647 1083 675 1131 et
698 1073 761 1130 dedi
785 1072 891 1130 famulo
915 1073 963 1129 dni
986 1073 1122 1131 Willelmi
1144 1076 1226 1133 Krek
1247 1076 1296 1151 qui
1325 1077 1420 1135 dictas
1455 1097 1524 1153 por·

319 1176 411 1246 ‚tauit
433 1175 542 1233 litteras
564 1204 600 1212 -
628 1174 683 1250 xij.
705 1193 795 1249 gross-
817 1174 1010 1236 'I'uronenses
1310 1248 1312 1252 Ι

421 1276 495 1333 Item
516 1276 562 1333 die
584 1295 618 1333 .v.
640 1275 753 1349 Mercij.
776 1294 909 1333 reuersus
930 1275 970 1332 fui
997 1275 1108 1334 Lnndia
1139 1277 1168 1334 in
1199 1278 1322 1335 Daciam
1355 1289 1384 1337 at
1416 1280 1526 1338 deinde

338 1377 404 1452 .viij.
429 1378 475 1435 die
497 1377 565 1434 dicti
586 1377 691 1435 mensis
712 1376 830 1434 transiui
853 1377 890 1433 ad
914 1377 1063 1435 ecclesiam
1086 1378 1303 1436 Roskildensem
1326 1399 1379 1455 pro
1400 1384 1525 1440 testanti

337 1482 460 1558 pecnnia
481 1500 569 1558 quam
590 1478 629 1535 ibi
652 1477 814 1535 dimiseram
838 1477 1016 1535 extrahenda
1037 1488 1065 1535 et
1085 1499 1138 1555 pro
1160 1479 1304 1555 aliquibus
1330 1482 1435 1541 debitis
1459 1484 1524 1541 exi·

335 1584 436 1659 gendis
458 1593 487 1641 et
506 1582 580 1642 squi
599 1598 651 1655 pro
663 1567 750 1636 naulo
757 1598 811 1637 seu
824 1598 876 1655 pro
888 1579 974 1636 maria
985 1580 1107 1637 transitu
1122 1608 1155 1618 -
1170 1600 1208 1639 αι.
1219 1600 1309 1656 gross.
1321 1584 1526 1645 Turonenses.

422 1685 492 1741 Item
516 1702 567 1759 pro
591 1680 723 1756 expensis
747 1680 874 1737 ductoris
899 1708 933 1715 -
959 1678 1023 1754 xvj.
1043 1699 1133 1755 gross.
1155 1682 1348 1743 Turonenses.
1473 1679 1477 1690 '

421 1785 494 1841 Item
509 1786 561 1842 'die
582 1785 649 1840 lune
671 1784 699 1838 in
722 1780 876 1840 crastinum
899 1781 1012 1838 Pasche
1033 1781 1109 1839 exiui
1129 1782 1274 1840 ciuitatem
1297 1785 1526 1847 Roskildsnsem

336 1896 365 1945 et
386 1886 460 1945 solui
483 1906 536 1961 pro
559 1884 646 1943 naulo
668 1910 709 1920 -
731 1881 796 1957 .viij.
818 1901 908 1956 gross.
930 1883 1123 1942 Turonenses.

420 1987 494 2044 Item
517 1988 582 2045 dedi
603 1986 698 2044 Priori
718 1994 747 2043 et
770 1984 882 2041 Lectori
906 1984 1125 2042 Predicatornm
1148 1987 1345 2046 Lundensium
1376 1989 1427 2065 qui
1460 2009 1525 2049 sar·

337 2098 478 2147 uanerant
500 2089 612 2165 aliquas
624 2086 761 2163 pecunias
783 2104 856 2161 quas
878 2086 1076 2142 commiseram
1100 2087 1139 2143 eis
1161 2089 1277 2163 quando
1290 2090 1526 2151 iniinSuaciam

337 2202 365 2249 at
387 2190 543 2265 aliquando
566 2190 770 2247 leborauerant
803 2209 855 2263 pro
885 2187 1011 2264 negocijs
1044 2186 1093 2243 dni
1126 2208 1263 2264 pape-
1286 2191 1432 2266 .ij.marc.
1455 2194 1526 2252 den.

336 2292 543 2353 Scaniensinm.

420 2395 494 2451 Item
517 2394 563 2450 die
586 2393 630 2467 .vj.
653 2393 763 2468 Aprilis
785 2394 862 2451 exiui
885 2382 996 2450 Lundis
1018 2402 1046 2450 et
1072 2392 1111 2450 iui
1144 2394 1311 2469 Malmegha
1343 2396 1381 2453 ad
1414 2415 1526 2455 nauem

336 2508 365 2555 et
387 2495 453 2554 dedi
476 2492 591 2555 *familis
611 2495 660 2553 dni
682 2495 903 2570 Archiepiscopi
925 2495 974 2570 qni
997 2514 1043 2552 me
1071 2494 1107 2552 de
1139 2507 1223 2553 nocte
1255 2497 1458 2555 conduxerunt
1485 2530 1523 2540 -

336 2599 370 2674 ij.
393 2598 445 2657 sol.
468 2619 557 2675 gross.
581 2602 772 2659 Turonenses.

421 2701 493 2759 Item
515 2703 581 2760 dedi
599 2722 651 2778 pro
671 2718 757 2761 curru
779 2699 827 2775 qui
851 2700 938 2756 traxit
968 2720 1014 2757 res
1047 2710 1076 2757 et
1110 2701 1247 2776 pecunias
1279 2700 1317 2757 ad
1349 2719 1457 2759 nauem
1485 2737 1525 2745 -

418 2910 491 2966 Item
513 2906 587 2966 solui
608 2926 660 2982 pro
683 2904 797 2964 Batella
818 2922 874 2978 que
902 2904 984 2961 duxit
1016 2924 1068 2962 nos
1101 2906 1137 2961 ad
1171 2922 1305 2978 magnam
1339 2923 1445 2961 nauem
1480 2940 1523 2950 -

336 3011 405 3088 ‚itij‘r
418 3009 578 3084 sterlingos.

419 3113 493 3170 Item
514 3109 586 3167 solui
610 3129 662 3184 pro
684 3108 771 3165 naulo
794 3107 829 3162 de
849 3106 944 3163 Dacia
966 3125 1057 3180 usque
1080 3107 1115 3162 ad
1147 3107 1293 3163 ciuitatem
1327 3107 1523 3183 Lybicensam
1593 3135 1596 3138 ⁴

335 3216 363 3272 in
386 3212 542 3272 Alamania
571 3241 599 3248 -
627 3230 662 3266 .v.
683 3209 733 3266 sol.
756 3226 846 3283 gross.
870 3208 1092 3265 Turonensium.

418 3315 491 3372 Item
514 3313 588 3371 solui
610 3332 661 3388 pro
684 3309 798 3368 Batella
818 3328 874 3383 que
895 3309 1022 3383 portauit
1040 3307 1092 3367 nos
1121 3310 1156 3366 de
1184 3318 1279 3385 portu.
1303 3310 1340 3366 ad
1371 3309 1522 3368 ciuitatem

336 3417 526 3494 Lybicensem
548 3433 613 3471 cum
635 3414 781 3470 rebus-
804 3410 848 3483 .vj.
871 3408 1046 3485 sterlingos¹.

250 3527 333 3567 tutu-b·
420 3518 492 3574 Item
514 3515 579 3573 dedi
601 3514 696 3571 Priori
718 3511 938 3570 Predicatornm
959 3511 1162 3585 Lybicensium
1194 3521 1223 3568 et
1254 3511 1355 3570 lectori
1388 3530 1423 3568 ao
1454 3510 1523 3584 alijs

245 3606 247 3612 ¹
300 3694 305 3700 ι
336 3620 449 3676 dnobus
471 3616 637 3677 Senioribus
657 3616 707 3691 qni
728 3616 891 3672 habuerunt
913 3612 1081 3670 custodiam
1099 3613 1220 3690 depositi
1251 3621 1281 3670 et
1312 3613 1522 3671 laborauerant

336 3740 388 3796 pro
410 3718 538 3793 negocijs
560 3718 630 3775 meis
655 3745 688 3754 -
717 3716 763 3790 .vj.
785 3713 836 3772 sol.
859 3733 949 3789 gross.
971 3714 1193 3772 Turonensium.

332 3875 334 3878 Α
419 3823 493 3879 Item
516 3820 580 3878 dedi
604 3817 758 3877 conuentui
781 3835 833 3891 pro
856 3814 983 3890 pitancia
1009 3843 1040 3850 -
1067 3815 1103 3890 .ij.
1124 3816 1175 3874 sol.
1193 3814 1521 3891 gross'I'uronensiuna

419 3926 493 3983 Item
515 3922 561 3980 die
582 3921 629 3997 iij.
653 3920 757 3977 mensis
779 3917 858 3991 Maij.
883 3918 959 3975 exiui
980 3918 1125 3974 ciuitatem
1159 3916 1349 3992 Lybicensem
1382 3925 1412 3973 et
1444 3916 1521 3974 solui

335 4046 387 4102 pro
410 4025 542 4100 expensis
564 4024 678 4081 illorum
700 4022 749 4096 qui
772 4040 817 4077 mc
839 4021 984 4077 ducebant
1008 4055 1043 4061 -
1069 4039 1105 4075 .v.
1124 4018 1176 4077 sol.
1189 4037 1280 4092 gross.
1294 3997 1521 4077 Turonensium.

419 4129 494 4185 Item
518 4127 564 4184 die
586 4123 772 4183 Ascensionis
795 4122 844 4178 dr‘ri
867 4121 942 4178 equi
966 4140 1074 4178 nouum
1095 4119 1302 4177 Monasterium
1333 4139 1398 4177 curn
1430 4139 1522 4177 manu

335 4230 402 4288 forti
424 4239 453 4286 et
475 4226 581 4285 deduxi
604 4235 714 4301 partem
736 4225 924 4299 pecuniarum
947 4222 1077 4298 quesibi
1100 4222 1291 4296 deposueram
1314 4230 1343 4278 et
1363 4221 1439 4279 solui
1467 4234 1522 4298 pro

335 4332 468 4408 expensis
489 4338 667 4386 arnratorum
688 4355 724 4363 -·
749 4347 786 4383 .x.
809 4325 860 4383 sol.
882 4323 1075 4399 *grossorum

417 4432 491 4489 Item
514 4430 580 4487 dedi
603 4431 651 4486 vni
673 4430 831 4504 presbitero
854 4427 903 4502 qui
927 4445 973 4482 me
993 4425 1067 4483 iuuit
1087 4424 1138 4482 illa
1159 4425 1205 4481 die
1227 4424 1264 4481 ad
1282 4425 1520 4484 abscondendum

914 4657 947 4690 .x.
967 4639 1090 4702 sterlingi.

914 4709 958 4771 .xj.
978 4710 1023 4757 sol.
1042 4717 1068 4756 et
1087 4706 1120 4770 .ij.
1140 4709 1197 4756 den.
1217 4723 1297 4769 gross.
1321 4707 1518 4760 Turonenaium.

915 4777 955 4839 .vj.
976 4791 1051 4825 marc.
1071 4777 1126 4825 den.
1145 4776 1296 4826 Sucuorum.

913 4845 948 4908 ‚ij.
966 4859 1044 4894 marc.
1063 4845 1120 4893 den.
1138 4843 1321 4895 scaniensium.

369 4746 376 4775 ¹
396 4751 427 4799 H.
448 4757 465 4797 t.
494 4744 557 4813 [op]
577 4746 682 4797 Summa
700 4745 774 4796 huius
794 4744 885 4809 pagIne
