3584 5625
870 492 924 553 lld

217 694 304 737 tot-nn.
389 682 462 741 Item
486 683 553 740 .xxl'
569 681 615 739 die
636 682 757 758 Aprilis,
774 682 879 738 tradidi
902 683 960 738 dno
983 680 1115 739 Bondoni
1138 680 1248 736 decano
1270 678 1393 737 ecclesie
1414 678 1487 741 Ros

302 783 437 841 kildensis
461 783 598 859 quicquid
621 785 727 841 habere
748 793 899 858 potueram
922 782 950 838 in
984 781 1106 839 ecelesia
1139 779 1330 849 RoskildensI‚
1352 779 1488 839 videlieet

302 885 424 959 pignora
445 884 486 941 ibi
507 884 602 969 posita
623 903 675 960 pro
700 902 774 941 cxx.
797 883 900 941 mareis
923 884 1032 957 argenti
1055 892 1083 939 et
1105 882 1488 957 aliquaspaueaspeeunias

226 965 229 972 ¹
302 1003 374 1060 quas
396 1003 508 1042 mecum
531 993 647 1060 portare
669 1004 725 1042 non
746 984 889 1041 audebam
912 994 1030 1060 propter
1057 992 1163 1041 statum
1192 983 1285 1058 patrie
1317 982 1487 1040 bellicosum

302 1096 329 1141 et
353 1084 405 1141 leci
429 1084 571 1158 predictas
600 1084 709 1160 portari
736 1086 774 1142 ad
808 1083 954 1142 ciuitatem
989 1084 1179 1159 Lybicensem
1211 1102 1263 1158 per
1290 1083 1386 1159 ipsum
1420 1083 1487 1140 dnm

301 1185 462 1256 Uscanam,
485 1186 535 1260 qui
556 1186 737 1261 computauit
755 1185 822 1242 mibi
839 1204 869 1243 se
886 1184 1057 1259 expendisse
1068 1202 1121 1260 pro
1133 1183 1210 1240 dicto
1222 1183 1344 1258 negocio
1357 1211 1398 1220 -
1411 1182 1487 1257 .xxij.

300 1285 352 1341 sol.
376 1306 440 1342 uum
461 1285 578 1344 dimidio
600 1305 690 1362 gross.
714 1286 936 1343 Turonensium.

385 1387 457 1443 Item
480 1387 539 1460 xxj.
562 1388 609 1445 die
631 1387 741 1461 Aprilis
765 1388 841 1444 oxiui
864 1386 1011 1444 cinitatern
1033 1385 1253 1445 Roskildensem
1271 1386 1367 1444 eundo
1387 1405 1488 1444 uersus

300 1499 405 1548 terram
427 1488 513 1545 ducis
535 1490 582 1546 ubi
601 1500 668 1546 sunt
689 1506 724 1545 .v.
747 1488 940 1563 Episcopatus
963 1498 991 1543 et
1013 1488 1082 1562 quia
1104 1487 1192 1543 alium
1215 1487 1321 1544 habere
1336 1505 1395 1544 non
1407 1487 1489 1563 potui

300 1694 368 1749 dicti
382 1693 492 1750 Decani
516 1693 565 1767 qui
588 1711 700 1748 meeum
724 1690 837 1747 luerunt
860 1710 911 1765 per
932 1690 978 1747 ix.
1002 1691 1071 1746 dies.
1095 1690 1167 1747 solui
1186 1708 1239 1763 pro
1252 1689 1367 1763 illorum
1381 1709 1488 1765 expen-

299 1796 337 1851 sis
361 1806 389 1850 et
411 1813 462 1868 pro
486 1794 568 1868 equIs
596 1827 623 1832 ”—
652 1792 717 1865 .viij.
739 1790 791 1849 sol.
812 1810 903 1866 gross.
926 1791 1148 1848 Turonensinm.

312 1904 315 1908 ⁴
383 1895 456 1952 Item
478 1894 551 1953 solui
574 1913 627 1969 pro
650 1893 737 1950 naulo
770 1911 821 1949 seu
855 1892 940 1949 maris
974 1892 1135 1950 Baltasund
1168 1892 1290 1950 transitu
1316 1925 1350 1932 -
1376 1911 1412 1949 .v.
1436 1891 1489 1949 sol.

297 2015 389 2071 gross.
414 1996 636 2054 Turonensium.

383 2097 457 2154 Item
480 2096 546 2154 dedi
568 2096 676 2155 famulo
698 2096 766 2151 dicti
789 2095 837 2150 dni
859 2095 971 2152 Decani
1002 2120 1029 2128 ··
1058 2093 1124 2167 aiij.
1145 2114 1235 2169 grass.
1258 2094 1455 2152 Turonenses.

383 2200 455 2255 Item
477 2199 524 2254 die
545 2198 646 2255 ultima
667 2196 778 2271 Aprilis
812 2216 877 2254 cum
910 2197 1051 2253 uenissern
1073 2196 1110 2252 ad
1132 2197 1279 2254 ciuitatem
1297 2196 1487 2253 Arnsiensem

251 2291 254 2296 ⁴
298 2310 327 2357 et
348 2307 405 2357 non
427 2298 800 2373 inuenissem'Episcopum
822 2298 949 2356 eiusdem
971 2297 1027 2354 loci
1050 2298 1225 2368 Arusianus,
1248 2297 1311 2354 misi
1333 2296 1387 2355 sibi
1411 2316 1483 2354 nnn·

299 2402 384 2474 cium⁷
405 2400 594 2475 significando
616 2399 670 2457 sibi
693 2417 738 2455 me
759 2400 871 2457 uenisse
894 2400 931 2455 ad
950 2397 1257 2457 ecclesiamsuamubi
1269 2416 1323 2456 sua
1335 2398 1488 2474 presencia

299 2513 361 2559 erat
384 2501 450 2557 mihi
472 2512 624 2576 oportuna.
648 2500 712 2557 dedi
735 2498 841 2563 lamule
868 2528 901 2536 -
927 2500 996 2572 ,iitjr
1008 2519 1099 2573 grass.
1122 2500 1316 2556 Turonenses.

382 2603 457 2661 Item
482 2602 528 2677 .vj.
551 2602 597 2657 die
618 2600 688 2674 Maij
712 2600 775 2657 misi
807 2601 944 2657 nuncium
975 2601 1012 2657 ad
1046 2602 1223 2676 Episcopum
1257 2599 1488 2675 Burglanensem

238 2743 242 2749 ·
299 2715 328 2761 et
349 2706 386 2762 ad
408 2703 576 2761 collectores
598 2701 714 2772 ibidem,
739 2700 927 2776 significando
950 2702 1056 2759 eisdem
1079 2721 1124 2757 rne
1142 2701 1318 2778 applicuisse
1331 2701 1488 2758 adtorram

298 2805 385 2865 lucie
407 2815 436 2862 et
457 2815 489 2862 ut
509 2812 646 2880 pararent
666 2802 797 2861 raciones
819 2823 893 2860 suas.
917 2804 990 2862 solui
1014 2805 1091 2862 dicto
1119 2803 1224 2862 nuncio
1247 2829 1286 2838 -
1309 2801 1377 2877 .viij.
1398 2820 1489 2879 grass

299 2907 491 2965 Turonenses.

382 3008 457 3064 Item
480 3007 580 3064 eadem
604 3006 650 3062 die
673 3006 735 3064 misi
758 3025 846 3063 vnum
867 3008 1004 3065 nuncium
1027 3026 1079 3085 pro
1101 3008 1201 3064 eadem
1235 3024 1325 3064 causa
1358 3007 1396 3064 ad
1417 3005 1488 3081 Epi-

298 3128 417 3185 scopum
441 3109 648 3182 Vibergensem
677 3117 705 3163 et
727 3108 792 3164 dedi
814 3108 868 3165 sibi
888 3137 929 3144 —
952 3109 1017 3183 ‚viij.
1039 3127 1129 3188 grass.
1151 3108 1345 3166 Turonenses.

382 3211 456 3268 Item
477 3209 579 3266 eadem
601 3208 648 3264 die
669 3207 733 3274 mini
754 3210 891 3267 nunclum
914 3229 966 3285 pro
1000 3211 1100 3267 eadem
1134 3229 1223 3267 causa
1249 3209 1307 3265 dno
1337 3207 1487 3284 Episcopo

296 3313 416 3388 Ripensi
438 3322 467 3368 et
489 3311 555 3367 dedi
576 3309 668 3366 eidem
690 3309 795 3367 nuncio
823 3337 855 3346 -
880 3309 939 3385 xij
962 3331 1052 3387 gross.
1075 3312 1268 3369 Turonenses.

382 3413 454 3470 Item
475 3412 550 3471 solui
572 3430 624 3486 pro
649 3410 718 3486 .iiij⁰.r
731 3410 854 3487 pellibus
865 3416 1031 3487 pergameni
1053 3441 1094 3448 -
1107 3431 1143 3469 .v.
1167 3407 1488 3487 grossTuronenses1.

158 3552 160 3558 ,
213 3534 299 3572 arsos.
385 3514 458 3571 Item
481 3514 528 3588 .xj.
550 3513 603 3570 die.
622 3511 692 3587 Maij
715 3522 857 3569 uenerunt
878 3514 916 3569 ad
944 3533 988 3571 me
1021 3515 1171 3572 lohannes
1203 3513 1238 3569 de
1266 3510 1425 3568 Anriualle
1454 3521 1489 3568 et

299 3615 475 3672 Ludowieus
499 3616 534 3672 de
555 3615 670 3673 Vienna
692 3632 824 3671 cursores
852 3615 901 3670 dni
930 3616 1019 3672 nostri
1052 3634 1127 3690 pape
1164 3632 1229 3670 curn
1261 3611 1364 3670 litteris
1395 3612 1488 3689 ipsius

299 3717 404 3792 quibus
428 3716 594 3774 cursoribus
614 3734 680 3773 cum
709 3715 744 3790 ‚ij.
774 3715 855 3791 equis
888 3726 917 3772 et
948 3735 1005 3774 vno
1037 3716 1154 3773 lamule.
1176 3734 1229 3791 per
1251 3732 1289 3770 .v.
1311 3714 1489 3790 septimanas

298 3818 352 3876 leci
374 3836 518 3893 expensas
541 3815 723 3891 etamplius.

382 3918 457 3976 Item
479 3940 516 3977 .x.
544 3918 590 3975 die
616 3916 706 3992 Junij.
739 3917 813 3976 solui
846 3937 898 3992 pro
931 3917 975 3991 .vj.
1008 3918 1131 3994 pellibus
1164 3915 1332 3993 pergameni
1354 3948 1391 3956 ——
1417 3916 1490 3991 iiijt'

297 4039 388 4095 gross.
412 4022 606 4078 Turonenses.

382 4123 455 4179 Item
479 4124 542 4179 misi
565 4122 702 4180 nuncium
724 4123 760 4178 ad
784 4121 962 4180 Collectores
986 4123 1095 4180 decime
1116 4123 1144 4178 in
1177 4121 1296 4178 ciuitate
1324 4129 1352 4176 et
1380 4119 1489 4217 dipcesi

298 4223 538 4282 Sleswicensibus
561 4235 593 4280 ut
615 4233 752 4299 pararent
772 4225 903 4281 raciones
925 4226 1067 4282 monendo
1088 4245 1138 4282 eos
1156 4234 1188 4281 ut
1208 4234 1286 4281 certa
1298 4224 1344 4281 die
1355 4207 1488 4283 uenirent

298 4326 334 4382 ad
359 4344 403 4382 me
426 4327 463 4382 ad
487 4325 633 4382 ciuitatem
655 4324 810 4400 Ripensem
833 4325 972 4382 reddituri
994 4325 1124 4383 raciones
1145 4337 1176 4382 et
1197 4325 1294 4382 nullus
1316 4344 1417 4384 eorum
1434 4327 1485 4385 luit

297 4425 335 4483 ibi
358 4427 501 4485 inuentus.
524 4426 589 4482 dedi
611 4426 688 4482 dicto
710 4428 814 4485 nuncio
838 4454 877 4462 -
900 4428 965 4501 .viij.
988 4447 1078 4503 grass.
1101 4429 1297 4486 Turonenses.

381 4531 464 4586 Item.
490 4530 534 4584 die
557 4528 684 4584 secunda
715 4528 796 4602 Julij.
831 4530 892 4587 misi
926 4531 1062 4587 nuncium
1095 4551 1160 4588 curn
1192 4531 1294 4588 litteris
1326 4528 1482 4604 monitorijs

243 4645 245 4650 ’
298 4641 398 4687 contra
419 4631 624 4704 parrochianos
645 4629 674 4684 in
697 4629 882 4704 Pyllawerirn
906 4632 933 4687 In
953 4632 1056 4708 Fiysia
1078 4652 1130 4707 pro
1153 4633 1255 4708 legatis
1279 4642 1353 4686 terre
1386 4639 1483 4688 sancte

297 4731 387 4804 lactis,
409 4743 437 4788 et
459 4731 524 4786 dedi
545 4729 622 4788 dicto
646 4731 753 4788 nuncio
777 4761 813 4769 -
842 4733 899 4807 aij.
922 4753 1012 4810 gross.
1036 4735 1229 4791 Turonenses.

335 4843 341 4870 ¹
356 4849 387 4898 Η.
398 4859 414 4897 t.
428 4842 495 4912 [ap]
506 4848 610 4899 Summa
619 4845 695 4899 halus
705 4850 796 4911 pagine
806 4870 836 4878 -
847 4849 965 4911 .xxxviij.
979 4850 1026 4898 sol.
1036 4857 1062 4898 et
1070 4849 1115 4911 .xj.
1128 4850 1184 4898 den.
1195 4864 1274 4911 gross.
1291 4847 1483 4898 Turonensium.
