3584 5625
838 498 881 557 85

236 690 388 767 quondam
411 708 463 765 per
483 687 636 746 Biennium
658 679 831 745 veccnclum
852 686 881 743 i'n
905 686 1024 744 ciuitate
1046 694 1075 744 et
1097 686 1204 744 diocesi
1237 684 1428 762 Linccpenei·

238 793 296 850 bus
318 810 370 867 pro
393 790 478 849 dictis
499 787 639 846 fructibus
658 787 787 846 collectis
808 808 861 864 per
879 788 977 863 ipsum
1002 821 1038 832 -
1054 786 1168 862 ‚ccxliii
1182 800 1372 845 marcescunt
1384 785 1427 842 dl·

237 890 330 949 midie
350 890 459 950 venulis
477 897 592 947 monete
614 888 747 949 Suenice.

327 1012 363 1051 ,ι
385 993 486 1050 floren.
509 1010 617 1067 paruos
639 989 711 1047 euri.

572 1090 696 1167 Recepit
709 1090 933 1165 jnstrumentum
957 1089 1096 1150 decebus.

328 1276 483 1336 Sciendum
506 1277 649 1351 estquod
672 1275 739 1350 ⁸viij.
760 1274 869 1350 denarij
893 1274 983 1336 Sueui
1004 1274 1112 1333 iaciunt
1133 1274 1258 1333 solidum
1279 1282 1309 1333 et
1321 1272 1367 1347 iij.
1380 1290 1426 1330 eo·

237 1378 293 1435 lidi
314 1377 423 1436 iaciunt
444 1397 524 1436 orem
547 1386 577 1434 et
599 1377 667 1452 xiij.
689 1397 739 1434 ore
758 1375 868 1434 fuciunt
890 1394 1026 1433 mercem.

525 1622 532 1635 .
649 1620 656 1634 .
722 1586 764 1635 ‚vt
786 1578 886 1654 lxxvij.
908 1597 995 1636 marc.
1017 1575 1095 1651 etij.
1111 1575 1425 1636 enmoneteSuenice.

239 1616 312 1698 [apd
342 1621 463 1683 Summe
484 1623 568 1680 hume
589 1641 694 1698 pagine
722 1683 758 1722 ὦ
777 1664 876 1721 ἦπου.
901 1663 994 1739 ΡΜ·

325 1864 400 1924 Item
422 1860 518 1938 [enno]
542 1883 601 1943 quo
620 1883 717 1941 supra.
741 1866 787 1923 die
810 1864 857 1922 .vi.
880 1863 992 1941 Marcij.
1032 1862 1142 1941 Recepi
1163 1883 1181 1921 a
1202 1865 1261 1921 d1‘10
1275 1862 1538 1928 mendaeem„

239 1966 383 2026 canonico
410 1967 534 2026 ecclesie
563 1966 782 2041 Strengenemeis
805 1966 960 2025 collectore
992 1966 1135 2024 dictorum
1166 1962 1311 2023 fructuum
1343 1963 1427 2040 primi

238 2067 311 2125 anni
333 2068 537 2127 beneficiorum
559 2086 612 2143 per
622 2067 775 2126 Biennium
796 2067 969 2125 uecencium
989 2067 1018 2124 in
1041 2066 1159 2125 ciuitate
1171 2075 1199 2123 et
1211 2066 1317 2124 diocesi
1329 2064 1428 2126 Stren-

237 2169 416 2243 genensibus
437 2188 491 2246 pro
513 2167 597 2227 dictis
617 2168 758 2227 fructibus
779 2167 909 2226 collectis
929 2187 982 2244 per
1001 2186 1067 2226 eum
1082 2167 1113 2225 in
1123 2165 1259 2243 predictis
1270 2166 1389 2226 ciuitate
1400 2176 1429 2225 et

238 2270 359 2328 diocesi.
384 2296 418 2307 ·-
444 2289 503 2327 .xx.
525 2288 615 2328 merc.
638 2288 701 2345 erg.
723 2269 859 2345 ponderis
881 2268 1117 2330 Stckhnlmensis.

327 2370 399 2427 Item
429 2398 458 2408 -
486 2370 585 2446 .xxxij.
608 2388 698 2428 merc.
720 2387 785 2427 cum
808 2370 876 2427 dim.
899 2369 1170 2441 monetesueuice.

309 2471 432 2548 Recepit
446 2470 673 2546 jnstrumentnm
694 2472 826 2531 Jacobus
847 2471 917 2528 mihi
938 2470 1110 2544 iaciendum,
1131 2470 1233 2529 hebuit
1252 2469 1362 2528 litteras

654 2573 709 2631 sub
731 2572 825 2649 sigillo
848 2572 1020 2631 Frenderus.

315 2758 408 2829 Item
423 2776 499 2817 enno
522 2776 581 2835 quo
603 2777 700 2834 supra.
724 2758 771 2816 die
793 2777 852 2817 .xv.
874 2741 997 2835 Aprilis.
1039 2757 1149 2834 Recepi
1171 2757 1272 2818 adfiis
1291 2761 1427 2822 debeone

235 2861 319 2918 Foot
341 2871 369 2918 et
390 2861 528 2938 magistro
549 2861 697 2935 Heminge
718 2859 868 2920 canonicis
887 2847 1010 2919 ecclesie
1030 2860 1204 2933 trodensis,
1223 2855 1429 2924 collectoribus

235 2960 384 3021 <fictorum
405 2961 549 3020 ductuum
572 2960 776 3021 beneficiorum
799 2960 973 3020 uecencium
995 2981 1047 3038 per
1068 2960 1222 3019 Biennium
1248 2964 1277 3022 iu
1310 2966 1427 3025 ciuitate

235 3073 271 3122 et
293 3061 400 3122 diocesi
420 3063 626 3123 Arosiensibus
647 3083 699 3140 per
720 3062 818 3122 sedem
840 3061 1029 3139 apostolicam
1052 3075 1263 3123 reseruetorum
1286 3094 1327 3104 -
1361 3067 1425 3142 cvj.

235 3183 332 3222 marc.
356 3176 385 3222 et
405 3184 442 3224 π.
465 3186 507 3225 or.
529 3166 595 3223 den.
619 3164 792 3226 Sueuorum.

571 3266 695 3343 Recepit
709 3265 937 3341 justrumentum
957 3266 1096 3326 lacobus.

327 3452 399 3509 Item
421 3470 498 3508 enno
519 3471 577 3528 quo
598 3471 697 3529 supra.
722 3453 769 3511 die
791 3473 849 3510 .xx.
871 3450 991 3529 Aprilis.
1033 3453 1142 3529 Recepi
1165 3473 1183 3509 a
1204 3453 1262 3510 d1’10
1284 3454 1427 3513 Hclsteno

236 3552 383 3613 canonico
406 3551 527 3611 ecclesie
548 3552 767 3629 Strengenensis
788 3555 824 3612 de
853 3553 936 3611 dictis
966 3551 1107 3612 fructibus
1139 3555 1344 3613 beneficiorum
1370 3575 1428 3632 que

235 3664 423 3714 ucceuerunt
443 3655 473 3712 in
493 3654 633 3713 Nerichie
654 3655 776 3714 diocesis
798 3655 1018 3730 strengenensis
1039 3683 1077 3692 -
1109 3655 1208 3731 .xxxij.
1238 3674 1327 3715 marc.
1360 3677 1427 3716 cum

236 3752 316 3814 dim!
336 3753 400 3815 den.
422 3755 593 3817 Sueuorum.
924 3753 928 3763 '

572 3857 695 3935 Recepit
713 3857 940 3932 justrumeutum
960 3858 1100 3918 Jacebus.

235 4154 318 4222 copo
338 4136 513 4222 Lincopensi
535 4165 587 4223 per
608 4163 710 4203 manus
732 4147 856 4204 dfiorum
877 4147 1019 4206 Johennis
1041 4147 1245 4224 archidyaconi
1268 4158 1296 4206 et
1324 4132 1427 4207 Keroli

235 4246 346 4306 deceni
368 4248 489 4306 ecclesie
511 4247 710 4322 Lincopensis,
732 4247 768 4306 de
790 4247 930 4308 fructibus
952 4251 1036 4327 primi
1058 4251 1126 4309 enni
1146 4250 1350 4309 beneficiorum
1373 4251 1426 4308 du·

235 4351 313 4409 dum
334 4370 386 4427 per
407 4350 576 4409 Triennium
599 4350 771 4433 uacancium
793 4350 822 4408 in
845 4351 963 4411 ciuitate
996 4361 1025 4410 et
1057 4352 1165 4412 diocesi
1197 4352 1426 4429 Lincopensibus

187 4475 189 4479 ·
233 4468 296 4532 per
316 4453 413 4511 sedem
435 4451 624 4530 apostolicam
646 4463 859 4511 reseruatorum
883 4487 921 4497 -
946 4452 1054 4513 clxxx.
1069 4473 1158 4514 merc.
1176 4454 1241 4513 den.
1254 4452 1425 4514 Succorum.

198 4546 203 4551 ’
573 4552 696 4630 Recepit
710 4552 936 4629 jnstrumentum
957 4553 1097 4615 lacobus.

723 4739 811 4816 ccclj.
834 4758 922 4799 marc.
945 4750 974 4800 et
996 4761 1032 4800 .v.
1055 4760 1095 4799 or.
1117 4749 1231 4799 monete
1251 4739 1385 4801 Sueuice.

234 4773 311 4862 [φ’]
351 4777 471 4866 summa
487 4779 573 4839 hum
589 4779 696 4856 pagine
721 4841 785 4882 mx„
803 4844 891 4883 merc.
915 4828 1028 4902 argenti
1046 4824 1425 4902 penderisStokhnlmensis.
