3584 5625
926 441 997 549 1811Ι

365 677 468 728 10111010
486 676 629 741 apostolica
646 681 672 725 et
686 674 815 739 jmperiali
833 674 946 726 notarim
964 674 1088 739 publicus,
1117 675 1247 740 premissis
1273 675 1390 726 omnibus
1418 691 1469 726 vna
1493 691 1557 726 cum

363 761 546 829 prenominatis
564 762 671 811 testibus
688 761 857 826 personaliter
873 774 977 824 presens
1005 759 1117 822 interfui,
1144 768 1170 811 et
1198 763 1232 811 ad
1260 762 1462 826 requisicioncm,
1491 763 1557 812 dicti

364 848 459 897 domini
478 846 585 899 Jordeni
602 848 653 898 hoc
670 849 774 912 presens
790 846 922 911 publicum
937 844 1137 909 justrumentum
1155 845 1252 909 scripsi,
1269 852 1296 896 et
1312 844 1557 913 in‘haucpublicam

364 932 471 983 lormsm
490 932 585 995 redegi,
602 945 653 980 vna
669 945 728 981 cum
745 932 900 996 appensione
923 929 1001 993 sigilli
1024 931 1119 980 domini
1145 931 1230 996 nuneij
1260 931 1401 995 memorati,
1429 933 1558 997 signoque

364 1031 423 1069 mco
440 1018 518 1068 solito
536 1018 636 1082 signaui
653 1016 788 1081 requisitus
806 1021 832 1064 et
848 1022 963 1079 rogatus.

800 1097 995 1148 tabernulam
1010 1099 1045 1138 110.
1057 1093 1123 1141 ‘mli

757 1326 807 1384 80.
852 1326 942 1384 1333.
988 1324 1064 1384 15110
1085 1324 1155 1385 Mai.

432 1476 467 1527 Jn
494 1475 595 1527 nomine
622 1475 718 1526 domini
745 1455 826 1525 amen.
870 1472 950 1526 1111110
976 1473 1080 1537 domini,
1108 1473 1253 1536 millesimo,
1271 1485 1328 1536 cccq
1349 1486 1419 1536 xxxi!
1440 1474 1483 1540 iijq
1507 1476 1559 1537 die,

363 1566 418 1624 xvi,¹
432 1563 526 1612 mensis
551 1560 625 1623 Maij‚
640 1560 783 1623 jndictione
799 1562 889 1625 prima,
908 1567 955 1611 etc.
989 1561 1152 1625 Recognouit
1177 1575 1204 1611 se
1230 1561 1355 1624 recepisse
1383 1569 1410 1612 et
1425 1561 1561 1623 habuisse,

365 1664 381 1697 a
398 1646 584 1697 venerabilibus
603 1652 628 1695 et
645 1646 761 1696 discretis
779 1646 847 1708 viris,
865 1644 983 1708 dominis,
1001 1644 1104 1695 Thema
1120 1645 1311 1707 archidiacono,
1329 1653 1354 1696 et
1376 1645 1499 1697 Johsune
1528 1648 1561 1697 de

365 1731 460 1783 Sancta
478 1732 599 1792 trinitate,
618 1730 895 1796 canoniconsalensi.
915 1729 1096 1781 collectoribus
1114 1729 1243 1781 fruetuum
1257 1733 1332 1796 primi
1344 1732 1561 1794 anni‚beneficio-

364 1832 421 1866 rum
438 1818 585 1866 vacancium
603 1832 649 1882 per
665 1816 803 1875 biennium,
820 1816 848 1866 ln
865 1816 969 1867 ciuitate
988 1822 1014 1865 et
1030 1816 1126 1866 diocesi
1142 1815 1282 1881 Vpsalensi
1298 1832 1344 1882 per
1365 1818 1448 1882 ipsum
1475 1818 1563 1867 domi·

366 1917 426 1952 num
444 1917 544 1968 papam,
563 1903 658 1952 dudum
676 1908 871 1952 reseruatorum.
889 1917 906 1951 a
924 1900 1040 1952 kalendis
1058 1900 1223 1966 Septembris,
1248 1902 1413 1967 pontificatus
1442 1903 1563 1952 eiusdem

367 1988 461 2037 domini
480 2002 554 2053 pape,
572 2002 639 2037 01110
656 1986 764 2037 decimo.
801 1985 911 2037 Centum
930 1994 955 2036 et
972 1992 1080 2050 quatuor
1097 1986 1224 2048 marchas,
1246 1994 1273 2037 et
1301 1990 1365 2039 duos
1395 1985 1495 2037 solidos
1521 2002 1564 2038 ar-

367 2071 444 2136 genti.
464 2080 612 2137 computata
630 2071 742 2139 quelibet
766 2072 872 2121 marcha
898 2072 1005 2135 argenti,
1034 2086 1090 2136 pro,
1120 2071 1229 2137 quinque
1256 2072 1366 2122 marchis
1394 2071 1565 2123 denariorum

366 2158 462 2208 venalis
479 2166 581 2208 monete
599 2156 720 2209 Sweuice.
757 2156 826 2207 Jtem
845 2155 1436 2221 111011010οΗ1οο[1100001111Τ110101011111
1456 2157 1566 2221 argenti

367 2259 415 2309 pro
433 2250 542 2309 quatuor
559 2243 669 2293 marchis
688 2256 746 2291 cum
764 2241 876 2303 dimidia,
904 2241 1067 2291 denariomm
1094 2241 1245 2293 Sweuorum
1270 2248 1441 2306 computatos.
1488 2242 1566 2293 Jtem

367 2336 470 2379 centum
487 2334 565 2389 xxxi!
579 2327 621 2391 vij.
639 2328 749 2378 florenos
768 2326 831 2389 auri,
849 2333 1010 2391 computatos
1028 2341 1075 2392 pro
1094 2334 1196 2377 centum
1213 2327 1354 2391 nonaginta
1370 2341 1464 2378 nouem
1493 2343 1567 2378 mar·

367 2413 422 2464 chis
441 2414 602 2464 denariorum
620 2420 720 2464 monete
729 2410 852 2473 Sweuice,
872 2412 934 2461 item
952 2412 1074 2463 tredecim
1085 2414 1203 2464 marchas
1222 2414 1385 2463 denariomm
1398 2411 1566 2465 Sweuorum.

368 2498 440 2562 Quas
458 2499 559 2564 quidem
577 2514 688 2548 summas
707 2497 843 2548 occasions
861 2501 887 2546 'et
904 2498 1006 2548 racione
1023 2495 1161 2559 fructuum,
1187 2498 1263 2563 primi
1291 2498 1351 2548 anni
1375 2498 1568 2550 beneficiorum

367 2585 517 2637 vacancium
534 2585 561 2634 in
579 2584 683 2634 ciuitate
701 2590 727 2634 et
744 2583 838 2634 diocesi
854 2580 1003 2647 Vpsalensi,
1022 2583 1083 2634 dicti
1101 2583 1570 2646 (1011111010111111000110013011011-

368 2684 413 2721 100
431 2670 551 2721 dixerunt
568 2686 595 2721 se
613 2670 745 2735 recepisse,
764 2677 789 2720 et
805 2668 914 2730 leuasse,
923 2670 954 2720 de
974 2669 1065 2732 quibus
1083 2668 1209 2734 siquidem
1227 2668 1332 2719 summis
1350 2683 1396 2718 seu
1409 2669 1570 2733 quantitati-

366 2755 423 2817 bus,
441 2755 546 2821 pscunie
564 2754 620 2806 anri
637 2762 664 2805 et
680 2754 781 2821 argenti
797 2754 926 2821 predictis.
960 2770 1006 2821 per
1031 2755 1115 2821 ipsum
1141 2753 1272 2805 dominum
1297 2754 1427 2817 nuncium,
1452 2756 1567 2807 nomine

368 2841 463 2891 domini
480 2842 561 2892 nostri
577 2857 652 2908 pape,
671 2849 698 2891 et
714 2841 830 2892 Romane
847 2842 964 2905 ecclesie,
980 2841 1075 2892 habitis
1094 2848 1120 2891 et
1136 2840 1254 2906 receptis,
1274 2840 1344 2905 ipsos
1373 2839 1494 2892 dominos
1522 2857 1567 2890 ar·
1603 2904 1606 2909 .

368 2927 546 2978 chidiaconum
564 2934 589 2977 et
607 2924 754 2978 Johannem
771 2943 802 2976 se
828 2928 968 2993 capitulum
995 2927 1101 2978 ecelesia
1130 2923 1293 2991 Vpsalensis,
1323 2933 1349 2976 et
1374 2939 1464 2977 omnes
1495 2925 1567 2976 ahos
1600 2931 1603 2935 ’

369 3014 476 3077 quorum
494 3013 598 3063 interest
617 3007 672 3072 [etc.
691 3030 739 3063 som
757 3010 874 3077 ovenses}

435 3096 472 3146 Et
489 3112 537 3160 ego
555 3097 668 3148 Jacobus
686 3101 718 3149 de
734 3098 848 3148 Eusebio
867 3093 923 3158 [etc.
941 3116 990 3148 som
1008 3099 1019 3149 i
1031 3094 1202 3163 sorepuaende
1231 3093 1271 3158 til]
1301 3096 1335 3146 ad
1363 3095 1567 3160 requisicionem
1604 3123 1606 3125 ·

370 3183 495 3233 dictorum
521 3185 682 3234 dominorum
709 3182 891 3245 archidiaconi,
921 3191 948 3233 et
965 3183 1102 3234 Johannis.
1120 3183 1169 3233 hoc
1187 3197 1292 3247 presens
1310 3182 1440 3247 publicum
1454 3181 1567 3245 justiu-

368 3275 483 3318 mentum
501 3269 597 3333 scripsi.
616 3284 666 3317 vna
683 3283 742 3318 cum
765 3268 919 3331 appensione
938 3268 1015 3332 sigilli
1033 3268 1128 3319 domini
1147 3267 1231 3332 11111011Ι
1260 3267 1401 3319 memorati.
1433 3265 1569 3331 signoque

341 3356 346 3363 '
368 3368 426 3404 meo
445 3353 521 3404 solito
539 3353 638 3418 signaui
656 3360 769 3416 rogatus.

798 3433 990 3485 11110101115110,
1006 3437 1042 3475 h'o.
1058 3433 1117 3476 2982)

761 3679 811 3737 81.
857 3678 948 3738 1333.
993 3676 1072 3738 tede
1092 3676 1164 3737 Mai.

437 3813 570 3865 lohannes
586 3814 721 3878 episcopus
739 3827 759 3861 s.
778 3826 798 3861 s.
817 3811 840 3860 d.
859 3811 955 3861 dilecto
972 3811 1026 3861 lilio
1043 3812 1167 3875 magistro
1183 3810 1261 3861 Petro
1284 3806 1403 3870 Geruasij
1432 3808 1567 3860 00101100

370 3901 518 3952 Viuariensi
540 3898 681 3966 apostolice
699 3898 766 3948 sedis
783 3895 877 3946 nuncio
895 3895 1004 3946 salutem
1022 3904 1049 3946 et
1075 3896 1245 3961 apostolicam
1272 3894 1483 3944 benedictionem.
1519 3894 1569 3945 In·
1602 3886 1604 3890 ’

371 3987 479 4037 tellectis
496 3986 596 4050 plenius
614 3998 663 4048 que
681 3991 723 4033 tue
741 3987 886 4047 presentata
914 3981 989 4032 nobis
1017 3983 1158 4032 nouissime
1183 3981 1268 4031 littere
1294 3978 1462 4030 continebant
1490 3985 1569 4031 tuam

370 4086 447 4136 super
464 4070 579 4135 negoeijs
597 4069 643 4119 tibi
661 4066 802 4118 commissis
819 4067 960 4116 adhibitam
978 4067 1140 4131 diligenciam
1168 4064 1377 4117 commendantes
1405 4077 1465 4113 eece
1491 4067 1570 4127 quod

372 4156 504 4207 carissimo
522 4157 549 4205 in
567 4154 671 4206 Christo
687 4152 742 4202 filio
761 4160 849 4202 nostro
866 4151 965 4214 Magno
983 4153 1040 4214 regi
1057 4150 1207 4214 iNouergie
1224 4147 1470 4200 illustriscribimus
1486 4147 1570 4201 iuxta

370 4242 481 4294 iormam
498 4256 574 4306 quam
591 4238 706 4289 continet
722 4237 814 4286 cedula
830 4236 989 4302 presentibus
1008 4235 1147 4287 interclusa
1170 4249 1248 4299 quare
1270 4234 1370 4284 litteras
1395 4233 1479 4282 eidem
1507 4235 1570 4299 regi

372 4328 480 4377 directas
499 4340 574 4390 super
591 4326 641 4375 hoc
659 4338 721 4386 quas
739 4321 786 4371 tibi
803 4336 860 4373 eum
885 4321 1044 4386 presentibus
1071 4321 1195 4371 mittimus
1223 4318 1290 4369 sicut
1317 4317 1411 4368 uideris
1438 4319 1570 4382 expedire

371 4420 528 4477 presentans,
548 4413 583 4461 sic
601 4418 627 4460 te
644 4411 712 4458 cirea
729 4407 838 4471 negocia
855 4407 971 4472 predicta
988 4419 1076 4469 gerere
1095 4407 1198 4455 studeas
1216 4405 1285 4469 quod
1305 4403 1365 4453 inde
1391 4402 1482 4455 ualeas
1508 4419 1571 4455 am.

371 4497 438 4562 plius
456 4494 629 4547 commendari
646 4493 720 4544 nobis
738 4507 787 4556 que
805 4507 881 4558 super
898 4491 948 4541 illis
966 4498 993 4541 et
1009 4490 1069 4553 alijs
1087 4497 1183 4542 statum
1200 4490 1311 4555 partium
1329 4487 1432 4539 illarum
1454 4495 1571 4551 tangam.

372 4583 439 4632 tibus
456 4581 502 4631 tibi
520 4579 675 4632 occurrerint
691 4585 768 4644 prout
785 4586 941 4643 oportunum
958 4578 1081 4627 extiterat
1098 4576 1183 4639 sepius
1195 4573 1375 4625 nichilominus
1385 4574 1570 4644 rescripturus.

372 4669 470 4719 Rursus
487 4667 611 4718 mittimus
629 4665 675 4717 tibi
691 4665 770 4716 etiam
788 4669 905 4728 patentes
934 4662 1033 4713 litteras
1058 4674 1103 4726 per
1133 4675 1196 4724 quas
1221 4667 1357 4725 postquam
1383 4659 1429 4708 tibi
1458 4661 1571 4712 1011110

372 4759 461 4803 nostro
479 4759 504 4802 et
521 4752 627 4803 ecclesie
643 4750 759 4800 Romane
777 4749 808 4798 de
833 4748 933 4799 decima
958 4745 1092 4797 sexanuali
1119 4745 1161 4795 uel
1187 4746 1241 4796 eius
1266 4743 1374 4794 residuis
1401 4742 1572 4797 satisfactum

375 4837 490 4886 extiterit
506 4835 741 4887 excommunicates
760 4850 806 4897 pro
822 4850 855 4884 eo
873 4834 942 4897 quod
961 4847 992 4881 ea
1014 4832 1041 4881 in
1059 4831 1166 4883 statutis
1192 4843 1267 4893 super
1295 4828 1344 4877 hoc
1369 4831 1484 4881 terminis
1514 4847 1571 4883 non
