3584 5625
775 517 782 532 .
858 477 946 536 152'

294 662 475 710 discretionem
488 660 662 724 multipliciter
673 661 889 717 commendantes,
902 660 1062 710 rniuersiteti
1074 670 1159 711 uentre
1167 676 1263 726 perep.
1272 661 1369 726 scriptu
1380 663 1484 714 manda·

295 760 351 795 mus
364 755 487 810 quatenns
506 746 575 794 bona
593 744 738 794 huiusmodi
753 745 847 795 dilecto
861 745 916 807 filio
930 746 1054 808 magistro
1063 746 1205 796 Bertrando
1215 747 1341 796 Amalrici
1349 747 1484 811 capellano

295 838 381 880 nostro
400 831 523 880 canonico
540 830 666 891 Remensi‚
684 830 815 879 collectori
833 830 931 879 decime
948 832 975 879 iu
992 830 1042 880 illis
1068 832 1183 895 partibus
1209 833 1335 897 deputato.
1360 832 1484 881 studeatis

294 924 383 964 nostro
402 924 428 963 et
444 916 556 964 eiusdem
583 923 649 964 terre
675 914 777 963 nomine
803 915 964 976 integraliter
988 915 1036 964 sub
1061 915 1196 965 autenticis
1225 916 1317 966 litteris
1344 917 1485 979 assignare,

295 1000 363 1061 quid,
381 1006 504 1061 quantum
528 1000 719 1062 essignaueritis
746 998 875 1048 collectori
903 1001 1026 1063 predicto,
1053 1002 1126 1052 nobis
1153 1001 1260 1050 fideliter
1285 1002 1443 1065 rescripturi,
1460 1009 1485 1050 et

294 1085 466 1133 transmissuri
490 1084 589 1133 litteras
616 1091 777 1133 memoratas.
825 1084 923 1134 Datum
952 1086 1033 1135 Βοωο
1059 1088 1128 1151 apud
1154 1094 1271 1136 sunctum
1296 1085 1402 1135 Petrum
1429 1086 1484 1135 idus

295 1168 366 1231 Junij
386 1168 549 1231 pontificatus
567 1169 646 1218 nostri
665 1183 732 1218 anno
743 1170 871 1218 secundo.

650 1248 716 1296 (trel.
733 1253 774 1291 Vnt.
789 1254 835 1301 lieg.
851 1253 893 1293 iiic.
908 1255 935 1293 lli.
950 1265 974 1291 an
995 1254 1015 1293 ΙΙ.
1030 1264 1059 1302 ep.
1075 1250 1126 1299 recl.

685 1462 750 1535 23(
781 1479 869 1537 1279.
913 1480 991 1537 eres
1012 1478 1093 1538 nuni.

361 1595 484 1645 Nicoleus
502 1596 578 1659 episc.
598 1610 617 1643 s.
637 1610 656 1643 s.
675 1594 699 1642 d.
719 1593 813 1646 dilecto
830 1594 882 1643 tilio
901 1595 1025 1656 magistro
1044 1595 1187 1644 Bertrendo
1210 1594 1334 1644 Amelriei
1359 1595 1483 1652 canonico

242 1702 243 1705 ¹
293 1681 410 1730 Remeusi
427 1681 453 1730 in
467 1679 546 1728 Datie
561 1686 586 1727 et
597 1677 683 1729 Svetie
694 1679 779 1741 regnis
791 1678 923 1728 collectori
937 1680 1115 1729 decime-terre
1131 1688 1219 1730 sancte
1231 1680 1345 1729 subsidio
1361 1681 1483 1743 deputate

293 1766 401 1813 salntem
419 1774 467 1813 etc.
503 1764 575 1814 Sicut
592 1779 673 1828 nuper
690 1772 716 1812 te
735 1748 880 1828 accepimus
902 1764 1036 1814 intimante
1062 1766 1213 1814 venerabilis
1239 1764 1317 1814 frater
1341 1773 1430 1813 noster
1452 1800 1482 1811 ..

292 1852 427 1913 episeopus
445 1850 575 1900 Scarensis
592 1849 648 1898 zelo
666 1849 733 1908 fidei,
752 1857 778 1897 et
796 1849 940 1899 deuotionis
957 1855 1079 1898 accensus
1097 1835 1180 1901 erucis
1200 1857 1330 1913 assumpto
1350 1849 1483 1913 signaculo

292 1936 411 1999 proponit
428 1937 454 1984 in
472 1935 553 1999 primo
571 1934 683 1997 generali
702 1934 822 1998 passagio
841 1948 857 1982 e
874 1935 934 1984 sede
952 1935 1095 2001 apostolice
1112 1935 1249 1985 statuendo
1268 1936 1294 1983 in
1315 1941 1383 1983 terre
1393 1932 1483 1985 sericte

293 2021 432 2070 subsidium
450 2020 617 2084 personaliter
633 2018 768 2083 proficisci.
805 2017 891 2079 Quare
909 2035 924 2068 a
942 2020 1016 2069 nobis
1034 2021 1134 2070 edoceri
1152 2020 1281 2069 humiliter
1295 2019 1483 2084 postulasti,an

294 2107 325 2155 ab
343 2108 432 2156 eodem
450 2106 569 2171 episeopo
586 2105 617 2154 de
635 2104 775 2153 redditibus
793 2106 844 2154 suis
867 2106 1046 2154 ecelesiasticis
1072 2108 1105 2155 sit
1133 2107 1232 2155 decima
1257 2105 1393 2167 exigenda.
1429 2103 1482 2153 Nos

292 2192 377 2254 itaque
396 2190 542 2240 discretioni
560 2203 603 2239 tue
621 2204 665 2253 per
688 2188 832 2254 apostolica
855 2192 950 2253 scripta
975 2192 1134 2250 mandemus,
1152 2198 1276 2252 quatenus
1302 2204 1319 2238 t.
1342 2191 1413 2238 dicto
1431 2190 1483 2253 epi·

292 2291 370 2341 scopo
389 2276 532 2326 huiusmodi
550 2276 673 2324 decimum
691 2274 789 2338 exiges,
808 2275 877 2324 etin
895 2282 951 2324 tuto
977 2276 1034 2325 loco
1061 2276 1175 2340 deponas
1201 2276 1350 2324 tradendam
1379 2275 1482 2323 tandem

293 2363 361 2411 dicto
388 2363 515 2426 episcopo,
538 2360 560 2410 el
586 2375 644 2409 eum
670 2361 807 2423 contigerit
832 2361 1001 2424 personaliter
1027 2359 1199 2410 transfretare.
1247 2359 1371 2421 Alioquin
1398 2359 1482 2422 ipsam

292 2455 381 2496 nostro
400 2455 425 2497 et
443 2446 504 2495 dicti
521 2445 626 2508 subsidij
646 2446 747 2496 nomine
766 2446 894 2495 custodias
913 2446 1055 2509 diligenter.
1090 2446 1187 2495 Detum
1214 2447 1295 2495 Reum
1320 2444 1389 2507 apud
1407 2458 1480 2493 sanc·

293 2542 346 2582 tum
364 2531 467 2582 Petrum
486 2531 531 2594 ‚xj.
551 2531 601 2581 kal.
620 2529 684 2593 Julij
703 2530 867 2595 pontificatus
885 2531 966 2579 nostri
985 2545 1053 2580 enno
1071 2532 1192 2580 seeundo.

651 2612 713 2660 ittet,
731 2614 772 2651 vet.
788 2613 834 2661 lieg.
848 2614 889 2652 llio.
904 2616 932 2653 ΙΙΙ.
946 2627 977 2653 an.
991 2616 1011 2655 ll.
1026 2626 1056 2664 ep.
1071 2612 1122 2659 1³9).

694 2843 743 2901 24.
788 2842 877 2900 1279.
921 2842 999 2900 tldo
1019 2842 1100 2900 Juni.

360 2957 483 3008 Nicolaus
496 2959 630 3022 episcopus
642 2972 662 3005 s.
675 2972 694 3006 s.
711 2958 736 3006 d.
747 2957 895 3007 charissimo
912 2957 938 3006 in
949 2956 1053 3007 Christo
1064 2956 1118 3005 filio
1130 2956 1184 3018 regi
1200 2954 1285 3006 Sretie
1297 2954 1391 3004 illustri
1403 2955 1480 3004 salut.

293 3053 320 3093 et
335 3052 418 3113 apost.
437 3043 493 3093 ben.
528 3041 604 3091 lllem
621 3043 647 3091 in
664 3042 795 3104 desiderijs
810 3042 888 3105 regijs
904 3048 1034 3105 sperantes
1049 3042 1192 3091 deuotionis
1202 3041 1373 3090 sinceritatem
1385 3040 1480 3099 haberi,

293 3144 341 3191 que
357 3135 469 3178 mentem
482 3136 552 3176 tuem
570 3126 693 3175 sollicitat
708 3127 741 3175 ed
758 3127 891 3189 negotium
910 3136 975 3176 terre
986 3134 1073 3176 sancte
1085 3125 1192 3176 feliciter
1204 3126 1373 3188 dirigendum,
1387 3126 1481 3176 sereni-

293 3220 371 3263 tatem
391 3213 488 3275 regiam
508 3225 629 3275 rogamus
647 3219 745 3260 attente
763 3217 887 3274 quatenus
905 3212 937 3261 ob
956 3211 1122 3261 reuerentiam
1139 3213 1206 3274 regis
1235 3224 1333 3272 regum,
1350 3211 1423 3260 ciuus
1441 3226 1480 3260 res

292 3299 385 3360 agitur,
401 3299 535 3362 pecuniam
553 3297 649 3346 decime
667 3296 693 3344 in
710 3310 789 3359 regno
807 3306 851 3346 tuo
868 3296 985 3357 collecte,
1003 3297 1030 3346 in
1047 3296 1160 3345 eiusdem
1178 3304 1245 3346 terre
1262 3295 1404 3345 subsidium
1421 3311 1480 3345 con-

293 3383 424 3442 uertende,
442 3390 515 3432 extra
532 3383 600 3433 idem
616 3396 722 3444 regnum
740 3382 842 3433 extrahi
858 3382 938 3432 libere
955 3382 1068 3446 patiaris,
1086 3387 1112 3431 et
1129 3382 1163 3430 ad
1179 3382 1206 3430 id
1222 3395 1344 3444 prospere
1358 3397 1480 3446 peregen-

293 3468 353 3517 dum
370 3477 468 3533 prestes
484 3469 558 3533 plene
575 3467 719 3517 securitatis
737 3465 863 3517 fauorem:
881 3469 919 3517 ita
936 3467 1003 3529 quod
1017 3482 1050 3516 ex
1062 3466 1112 3516 lioc
1125 3466 1211 3516 diuine
1220 3465 1361 3515 maiestatis
1370 3468 1480 3529 gretiam

293 3553 393 3601 vberius
414 3552 542 3614 merearis,
565 3566 662 3615 nosque
688 3552 771 3602 zelum
798 3567 872 3616 quem
898 3553 977 3602 hebes
1002 3552 1036 3601 ad
1061 3552 1248 3616 procurandam
1274 3550 1388 3614 predicte
1415 3534 1491 3600 terre

293 3636 494 3701 prosperitatem,
513 3639 595 3701 dignis
621 3639 648 3687 in
674 3637 778 3686 domino
803 3636 922 3686 laudibus
946 3637 1139 3688 commendaris.
1182 3636 1280 3686 Datum
1305 3637 1388 3686 Βοωο
1414 3635 1481 3700 apud

294 3730 409 3772 sunctum
427 3721 531 3772 Petrum
551 3723 596 3786 .xj.
615 3721 665 3772 kal.
686 3721 749 3784 Julij
768 3722 1030 3784 pontificatusnostri
1048 3736 1116 3772 enno
1134 3720 1187 3783 ,ij‘20

652 3803 720 3848 [Arsit
735 3805 777 3844 Vnt.
790 3805 836 3852 lter.
852 3805 892 3844 llio.
909 3807 936 3844 ΙΙΙ.
950 3816 981 3844 au.
996 3807 1016 3845 ll.
1031 3816 1061 3854 ep.
1077 3800 1128 3850 1311.

684 4031 733 4090 25.
779 4030 867 4089 1279.
913 4031 990 4089 27de
1011 4029 1091 4089 Juni.

360 4146 481 4198 Nicolaus
500 4145 634 4212 episcopus
651 4162 670 4197 s.
690 4163 709 4196 s.
728 4149 752 4198 d.
771 4147 865 4197 dilecto
887 4147 944 4196 filio·
967 4145 1081 4210 magistri
1107 4145 1252 4194 Bertrando
1279 4143 1406 4194 Amalrici
1433 4155 1481 4196 etc.

295 4238 342 4280 etc.
361 4234 469 4282 salutem
487 4241 535 4281 etc.
570 4232 657 4299 Nuper
674 4248 707 4282 ex
723 4234 894 4283 insinuatione
911 4240 956 4281 tua
974 4232 1045 4280 nobis
1067 4231 1187 4290 innotuit,
1214 4231 1281 4293 quod
1308 4232 1378 4280 ciues
1402 4231 1481 4281 Scar-

295 4332 367 4367 enses
385 4319 500 4367 manibus
519 4318 551 4366 ed
570 4317 693 4366 nefariam
710 4321 883 4382 operationem
901 4317 996 4367 laxatis
1014 4315 1152 4366 sacrarium
1170 4314 1276 4363 ecclesie
1297 4313 1440 4377 Scurensis,
1458 4318 1483 4365 in

295 4419 345 4465 quo
364 4405 471 4468 pecunia
489 4403 594 4452 collecte
611 4403 708 4452 decime
725 4409 797 4453 erunt
820 4403 943 4466 deposito,
970 4417 1020 4451 non
1046 4400 1100 4451 sine
1123 4400 1312 4472 prouocatione
1341 4401 1430 4450 diuina
1458 4408 1484 4450 et

294 4487 387 4538 iniuria
404 4490 544 4553 apostolice
562 4489 628 4538 sedis
646 4497 672 4537 et
688 4495 776 4538 nostru
793 4487 888 4537 uiolare
907 4488 1030 4550 nequiter,
1040 4494 1066 4536 et
1076 4487 1179 4545 tandem
1194 4484 1370 4549 septingentae
1382 4500 1483 4535 merces

295 4574 394 4636 argenti
411 4574 438 4623 in
456 4573 566 4638 denerijs
584 4574 616 4636 de
629 4573 686 4637 ipso
704 4574 817 4623 sacrario
830 4573 937 4621 educere
949 4580 975 4620 et
986 4571 1038 4621 suis
1047 4569 1176 4634 applicare
1186 4569 1271 4618 usibus
1281 4583 1346 4618 ausa
1359 4570 1483 4635 nephario

297 4664 510 4722 presumpserunt.
552 4656 606 4708 Nos
633 4658 717 4721 itaque
748 4666 800 4708 tum
827 4657 984 4707 detestabilis
1012 4655 1209 4720 presumptionis
1242 4668 1376 4704 excessum
1409 4662 1483 4704 tanto

297 4744 439 4804 grauiorem
457 4753 598 4804 censentes,
617 4750 713 4806 quanto
732 4744 835 4806 grauius
852 4741 879 4790 in
896 4743 1062 4806 preiudicium
1080 4741 1195 4804 deputati
1218 4747 1283 4788 terre
1309 4748 1398 4789 sancte
1424 4741 1483 4789 sub·

296 4826 352 4888 sidij
372 4827 511 4878 dinoscitur
526 4828 677 4889 redundare,
694 4843 724 4878 ac
742 4835 846 4893 propter
863 4828 913 4878 boe
931 4829 1070 4891 cupientes,
1082 4831 1111 4874 ut
1128 4827 1164 4874 sic
1182 4833 1272 4874 contra
1289 4827 1394 4874 eosdem
1412 4827 1483 4874 ciues
