3584 5625
826 453 835 538 J
853 469 912 527 104
1012 515 1022 544 ¹.

192 660 278 701 tow-b·
378 651 453 710 Item
474 652 602 728 Reoepte
624 652 660 710 de
682 652 759 711 dioto
780 672 869 712 oenen
890 655 920 713 in
938 655 1042 730 Regno
1063 656 1167 717 Sueoie
1194 659 1255 734 ‚vijl
1275 658 1348 735 lxxj.
1384 678 1474 718 mero.

292 752 330 829 η’.
353 773 394 811 or.
417 762 446 812 et
469 751 543 828 jiijr
552 753 617 812 den.
640 762 754 811 monete
776 752 909 814 Sueuioe.
950 756 997 814 De
1019 758 1123 833 quibus
1143 761 1243 818 hebuit
1265 761 1319 825 dire
1344 760 1475 836 Esgillus

291 855 458 931 Episcopus
481 853 644 913 Arosieneis
666 853 731 913 ool.
753 873 842 914 mare.
863 856 943 935 ¹‹liote
963 869 1077 918 monete
1109 860 1235 921 Sueuioe
1266 883 1320 940 pro
1354 890 1391 901 -
1421 881 1475 921 .oo.

291 955 405 1014 florenis
426 955 499 1014 euri.

374 1058 528 1121 Restentee
549 1079 619 1119 uero
642 1066 682 1117 .v0.
701 1056 762 1133 xxj.
784 1075 872 1116 mero.
895 1068 925 1117 et
945 1059 991 1135 .vj.
1023 1079 1065 1119 or.
1096 1061 1171 1121 dicte
1202 1075 1316 1124 monete
1348 1064 1477 1127 Sneuioe

294 1166 470 1217 commutate
490 1162 605 1221 luerunt
625 1181 679 1239 pro
700 1190 736 1199 -
763 1158 851 1236 .xxiij.
871 1159 936 1220 libr.
956 1160 995 1235 iij.
1017 1161 1068 1221 eol.
1091 1170 1120 1221 et
1142 1164 1190 1222 ix.
1214 1166 1277 1225 den.
1293 1185 1385 1243 grone.
1398 1167 1476 1227 Tur-

295 1258 445 1318 oneneium
468 1282 534 1322 oum
561 1262 589 1338 .j.
623 1262 768 1338 sterlingo.
795 1261 989 1337 computando
1020 1264 1097 1341 xxij.
1129 1284 1216 1327 mare.
1249 1288 1315 1329 enm
1347 1268 1476 1327 dimidia.

296 1359 373 1419 dicte
394 1372 508 1422 monete
530 1364 654 1426 Sueuioe
676 1383 729 1441 pro
751 1362 777 1440 .j.
798 1361 862 1421 libr.
882 1381 1057 1438 grossorum.
1489 1371 1491 1376 '

381 1460 455 1522 Item
474 1465 604 1542 Recepte
625 1466 660 1523 de
682 1484 771 1524 censu
791 1464 922 1541 prediolo
950 1465 1077 1526 eiusdem
1107 1469 1200 1546 Regni
1232 1470 1336 1531 Sneoie
1366 1471 1476 1547 .xxviij.

300 1581 389 1625 mare.
412 1565 522 1642 urgenti
545 1566 679 1643 ponderis
701 1564 927 1627 Stoklrolmensio
948 1576 1122 1628 commutate
1138 1570 1257 1630 'luerunt
1276 1593 1330 1649 pro
1351 1592 1389 1632 .v.
1411 1574 1477 1631 libr.

295 1677 325 1728 et
346 1670 413 1728 rrix.
437 1672 489 1733 sol.
510 1688 601 1746 gloss.
622 1670 842 1730 Turoneneimn.
865 1670 1060 1744 computando
1080 1689 1169 1731 mero.
1192 1675 1304 1750 argenti
1331 1694 1385 1751 pro
1406 1674 1478 1750 ‚iiijo

296 1770 350 1830 ool.
371 1780 400 1830 et
421 1771 467 1849 .iij.
493 1774 556 1832 den.
577 1790 668 1850 grose.
691 1772 913 1831 Turoneneinm.

400 1991 409 2030 .'
422 1974 541 2035 Summe
579 1973 769 2051 pecuniarum
807 1983 836 2033 et
871 1937 983 2053 orgenti
1015 1976 1051 2033 de
1079 1976 1170 2035 .xxix.
1182 1976 1247 2035 libr.
1259 1976 1287 2053 ij.
1299 1976 1351 2036 eol.
1363 1975 1475 2036 ix.den.
1558 1986 1561 1992 '

426 2077 502 2135 dioto
524 2095 613 2135 censu
636 2102 671 2115 -·
696 2084 876 2153 receptorum
895 2077 925 2136 in
946 2078 1049 2154 Regno
1077 2095 1168 2153 grooe.
1189 2078 1302 2140 Toron.
1319 2078 1385 2156 et.j.
1403 2088 1476 2139 ster·

426 2178 530 2239 Sueoie
551 2178 589 2236 ed
607 2196 698 2253 groes.
718 2178 913 2238 reductorum.
1074 2179 1176 2256 lingue.

296 2374 372 2457 [ap]
424 2393 459 2403 -
485 2364 605 2443 Summe
626 2364 689 2423 anri
710 2365 798 2441 empti
820 2366 856 2424 de
877 2366 978 2424 eedem
1000 2364 1123 2442 pecunia
1143 2365 1212 2426 dieti
1233 2366 1335 2426 oeneus
1360 2393 1393 2404 -
1424 2385 1475 2425 .eo.

441 2486 518 2525 oren.
539 2485 611 2525 eurr.

427 2682 459 2691 -
485 2652 604 2714 Summa
625 2679 667 2691 -·
688 2652 751 2711 auri
771 2654 808 2711 de
826 2653 927 2711 eodem
950 2673 1038 2713 censu
1065 2651 1174 2731 reoepti
1200 2653 1230 2712 in
1263 2652 1341 2712 dioto
1373 2652 1477 2729 Regno

423 2753 526 2818 Sueoie
549 2755 627 2827 lviii.
647 2755 745 2815 floren.
766 2755 859 2834 perui.

381 2965 605 3052 Item'Reoepte
627 2977 663 3035 de
685 2997 773 3036 censu
804 2986 964 3038 memorato
996 2974 1117 3036 ecclesie
1147 2975 1279 3033 Romane
1309 2975 1339 3032 in
1372 2975 1477 3051 Regno

227 3096 229 3100 “
299 3078 456 3156 Nomegie
479 3079 588 3154 xxxvj.
610 3078 673 3138 libr.
696 3078 754 3155 xiij.
776 3079 827 3138 sol.
849 3089 878 3137 et
898 3098 935 3137 .x.
970 3078 1033 3136 den.
1064 3077 1267 3152 sterlingorum
1300 3085 1478 3136 commutate

302 3185 418 3245 luerunt
427 3203 480 3261 pro
502 3208 541 3218 -
563 3179 620 3256 .xij.
641 3180 705 3239 libr.
726 3180 787 3260 iiijo
800 3181 852 3240 eol.
871 3187 901 3240 et
920 3179 976 3256 .vij.
989 3179 1053 3238 den.
1069 3198 1159 3255 gross.
1177 3178 1390 3238 Turonensium
1412 3197 1481 3237 oum

299 3287 326 3364 .j.
349 3285 495 3361 sterlingo.
874 3342 876 3347 ,

277 3376 280 3383 ’
381 3387 456 3446 Item
476 3387 606 3461 Recepto
628 3386 664 3444 de
686 3385 787 3444 eodem
809 3402 896 3442 censu
917 3383 947 3440 in
968 3382 1046 3440 dioto
1066 3382 1182 3458 Regno·
1199 3381 1356 3458 Norwegie
1388 3379 1480 3458 .xviij.

299 3508 389 3549 mero.
409 3488 521 3566 argenti
541 3488 677 3564 ponderis
696 3486 843 3546 Norieone
864 3484 893 3544 in
915 3485 992 3544 uasis
1014 3493 1043 3541 et
1062 3483 1225 3542 fracmentis
1247 3482 1366 3558 argenti
1399 3501 1480 3541 oom-

301 3576 410 3650 mntete
431 3589 545 3649 luerunt
564 3609 617 3666 pro
640 3616 673 3627 -
699 3589 744 3665 iij.
765 3588 828 3646 libr.
850 3597 879 3645 et
902 3587 959 3662 .xij.
981 3605 1073 3663 grose.
1097 3583 1318 3643 Turonensium.

384 3692 458 3750 Item
479 3692 608 3769 Recepto
630 3691 665 3750 de
694 3691 771 3749 dioto
804 3708 893 3749 oensu
921 3689 950 3746 in
981 3689 1083 3746 eodem
1114 3687 1216 3763 Regno
1248 3684 1405 3761 Norwegie
1439 3693 1484 3744 .v0.

299 3792 395 3855 xxxv.
409 3813 499 3853 moro.
519 3812 585 3852 oum
608 3793 663 3870 .vij.
687 3792 745 3850 orie
767 3799 796 3850 et
814 3789 931 3849 dimidio
953 3791 1004 3850 sol.
1021 3799 1136 3848 monete
1147 3788 1294 3847 Norioane
1306 3796 1484 3846 commutate

300 3901 416 3961 luerunt
436 3918 489 3977 pro
513 3932 548 3942 —
575 3894 663 3971 .xxvj.
683 3894 747 3952 hier.
769 3912 818 3952 xv.
839 3892 891 3953 eol.
914 3902 942 3951 et
974 3911 1010 3951 .x.
1045 3892 1109 3950 den.
1141 3907 1208 3949 oum
1241 3888 1359 3947 dimidio
1391 3907 1484 3965 gross.

303 4001 527 4063 Turoneneium.
565 3996 759 4075 computando
797 4014 884 4053 mero.
918 3994 982 4052 den.
1015 4011 1068 4070 pro
1100 3989 1126 4068 .j.
1158 3990 1211 4050 sol.
1242 4009 1333 4066 groes.
1365 3990 1484 4050 anon·

302 4105 423 4164 ensium.

302 4307 355 4367 eol.
376 4313 491 4364 monete
512 4303 636 4366 Suenioe
658 4302 708 4380 qui
730 4282 838 4360 nenditi
858 4299 974 4360 luerunt
994 4317 1047 4376 pro
1069 4326 1111 4335 -
1133 4294 1179 4370 .vj.
1207 4294 1271 4354 den.
1292 4314 1382 4370 grose.
1406 4296 1484 4353 Tur·

303 4407 459 4468 oneneium.
