3584 5625
962 481 1036 549 162.

397 666 490 729 regnis,
507 674 574 717 terre
593 675 680 717 sancte
698 667 812 717 subsidio
830 667 952 731 deputate
969 666 1079 718 salutem
1091 670 1136 717 tc.
1170 667 1211 717 De
1223 675 1293 718 statu
1305 667 1403 718 decime
1415 674 1482 719 terre
1490 676 1589 728 ιιιιιειε,

397 752 470 801 cuiue
488 750 668 801 collectionem
684 751 766 802 delicis
783 752 967 802 recordationis
985 737 1111 815 Martinus
1137 767 1206 816 papa
1231 752 1284 815 diij.
1310 754 1475 817 predecessor
1498 762 1591 804 noster

397 837 535 885 venerabili
553 834 626 886 fratri
643 844 732 887 nostro
750 872 757 885 .
776 872 782 885 .
801 836 935 887 Arusiensi
951 838 1075 902 episcope
1091 838 1119 885 iu
1134 837 1213 887 Datie
1238 847 1265 886 et
1289 837 1375 888 Scede
1400 837 1487 899 regnis
1513 838 1591 888 duxit

397 935 443 984 per
459 935 519 970 suas
534 921 583 970 snb
601 929 670 971 certa
688 920 772 970 forme
788 921 887 971 litteras
903 930 982 985 prout
998 922 1143 993 accepimns
1161 922 1377 982 committendam,
1401 922 1517 974 volentes
1543 937 1591 982 per

398 1013 440 1056 tue
458 1006 635 1056 sollicitudinis
654 1006 774 1067 studium,
792 1006 968 1057 certitudinem
986 991 1080 1058 habere
1097 1007 1245 1070 plenariam,
1261 1022 1292 1056 ue
1309 1006 1488 1058 collectionem
1504 1008 1589 1073 ipsam

397 1092 531 1154 continget
547 1092 574 1139 in
592 1090 642 1140 illis
658 1091 775 1155 partibus
793 1091 890 1155 negligi
908 1092 950 1142 uel
967 1092 1051 1146 omitti
1076 1107 1106 1141 ac
1132 1093 1240 1142 eundem
1265 1092 1415 1157 episcopum
1440 1093 1475 1142 ab
1499 1092 1589 1142 buius-

396 1176 466 1225 modi
483 1175 573 1224 labore
591 1177 727 1238 quiescere,
746 1183 771 1224 te
788 1174 836 1239 ipsi
854 1178 975 1240 episcopo
992 1177 1022 1227 iu
1036 1177 1181 1226 huiusmodi
1194 1177 1353 1227 collectionis
1364 1176 1451 1227 officio
1464 1177 1589 1240 subroga-

395 1275 461 1322 mns,
478 1260 627 1310 discretioni
637 1268 696 1325 tue,
715 1261 747 1309 de
764 1269 814 1324 qna
830 1252 934 1325 pienum
950 1253 977 1311 in
994 1247 1097 1314 domim
1106 1244 1233 1311 diductam
1250 1263 1369 1325 gerimus,
1381 1277 1427 1327 per
1441 1261 1589 1326 apostolica

395 1344 669 1408 scdptn'·msndentes,
684 1352 810 1407 cosmum
827 1344 861 1393 sd
877 1352 966 1409 pertus
981 1345 1039 1397 ihus
1057 1361 1134 1411 qnam
1151 1348 1203 1396 cito
1220 1347 1328 1397 ωιιιοιῑε
1352 1345 1449 1412 potetis
1476 1354 1503 1400 te
1531 1360 1588 1411 pcr-

394 1430 523 1481 sonaliter·
535 1429 676 1492 conierere,
693 1436 721 1480 et
735 1429 811 1480 iuxta
827 1436 944 1481 tenorem
957 1431 1101 1482 duemrum
1116 1430 1318 1496 apostolicarum
1328 1448 1376 1497 pre
1384 1431 1468 1497 indus
1479 1432 1587 1495 segetis

395 1516 492 1565 decime
510 1515 579 1565 dicto
596 1515 716 1579 episcopo
733 1514 887 1565 direcarnm
903 1515 1123 1580 muman-tem
1134 1515 1168 1565 ab
1178 1517 1270 1566 eodem
1281 1514 1586 1581 episeopo,qsnmea‘ssu

394 1599 511 1662 ab-alije,
528 1600 561 1650 ad
577 1599 751 1663 colligendam
766 1601 794 1649 in
810 1598 931 1663 precius·
947 1600 1034 1666 regnis
1051 1598 1177 1664 prelatum
1195 1600 1321 1652 decimum
1335 1600 1473 1665 deputna'e,
1490 1611 1538 1653 sut
1553 1600 1585 1652 ab

394 1684 453 1747 alijs
470 1684 660 1748 quibuscunque
676 1684 755 1749 ipsias
773 1682 945 1733 detentoribus
963 1684 1069 1745 decime,
1087 1685 1122 1734 de·
1136 1684 1181 1734 ilia
1197 1685 1320 1737 uidelicet
1333 1698 1384 1748 que
1409 1686 1537 1738 hactenus
1548 1686 1585 1737 -ed

320 1779 323 1790 ¹
393 1769 508 1834 ipsorum
524 1783 615 1820 manus
631 1768 777 1834 peruenisse
795 1768 941 1831 dinoscitur,
958 1770 1060 1834 plenam
1077 1778 1104 1819 ct
1121 1770 1271 1832 diligentem
1288 1770 1378 1833 exiges
1401 1770 1539 1833 radonem,
1555 1786 1585 1823 ec

393 1854 578 1917 uniuersaque
595 1854 650 1905 siue
664 1869 713 1918 per
730 1855 838 1904 eundem
856 1854 1004 1919 episcopum
1020 1861 1066 1904 aut
1082 1869 1128 1920 per
1149 1869 1312 1918 quoscunque
1337 1854 1402 1906 alios
1431 1856 1584 1908 collectores

393 1941 529 2003 deputatos
547 1940 580 1989 ab
598 1940 663 2004 ipsc,
681 1939 797 1999 collecta,
816 1951 861 1988 seu
877 1947 982 2004 recepta
999 1940 1041 1989 nel
1058 1941 1176 2004 deposita
1192 1954 1248 1989 esse
1274 1946 1423 2000 noscuntur,
1440 1954 1544 1991 necnon
1560 1949 1584 1992 et

393 2026 479 2074 omnia
497 2026 599 2090 scripte,
616 2024 722 2083 litteras,
741 2030 767 2073 et
783 2023 959 2084 instrumente,
977 2025 1008 2074 de
1026 2025 1180 2074 collectione
1197 2035 1224 2074 et
1240 2024 1395 2088 receptione,
1411 2040 1444 2075 ac
1462 2026 1583 2091 depositis

392 2108 453 2171 ipsis
472 2108 598 2170 coniecta,
617 2124 695 2173 penes
713 2109 810 2160 dictum
827 2108 975 2173 episcopum
993 2124 1039 2159 seu
1056 2123 1204 2173 quecunque
1223 2108 1344 2172 capitula,
1362 2110 1475 2174 collegia
1491 2120 1519 2162 et
1530 2125 1584 2177 per·

391 2209 469 2244 sonas
488 2195 614 2259 quaslibet
631 2195 782 2253 habeantur,
800 2208 831 2243 ac
847 2194 926 2252 etiam
944 2208 992 2255 que
1010 2193 1134 2244 soluenda
1150 2203 1249 2244 restent
1271 2196 1302 2243 de
1325 2194 1425 2245 decima
1450 2196 1582 2259 prelibata,

391 2280 466 2328 etde
483 2280 584 2343 legatis,
602 2278 810 2338 obtentionibus,
827 2286 854 2328 et
870 2277 929 2340 alijs
946 2278 1137 2342 quibuscunque
1155 2279 1274 2330 iamdicta
1291 2288 1357 2329 terre
1373 2287 1464 2329 sancte
1475 2281 1583 2331 subuen-

363 2360 374 2371 “
391 2363 456 2413 tioni
474 2364 609 2425 concessis,
626 2364 653 2413 in
670 2364 790 2427 predictis
807 2363 892 2427 regnis
910 2363 1056 2413 huiusmodi
1073 2364 1235 2416 subuentioui
1251 2365 1355 2425 relictis,
1373 2364 1486 2427 exigere
1496 2380 1543 2429 per
1559 2374 1582 2415 te

392 2449 433 2499 nel
451 2464 497 2513 per
515 2449 594 2498 ulium
612 2463 656 2498 sen
673 2448 786 2508 alios,ac
804 2451 881 2500 etiam
898 2449 1009 2511 recipere
1027 2451 1181 2498 auctoritate
1191 2456 1288 2509 nostra,
1299 2449 1373 2513 lapsu
1391 2452 1515 2513 temporis
1532 2466 1582 2501 non

243 2565 245 2573 ,
310 2551 313 2555 ·
391 2533 519 2595 obstante,
536 2533 639 2583 nomine
655 2540 722 2583 terre
740 2541 828 2583 sancte
844 2540 985 2583 memorate
1003 2547 1132 2597 procures,
1151 2542 1203 2583 tam
1220 2532 1348 2597 predictos
1366 2534 1524 2599 episcopum,
1542 2537 1581 2585 de·

298 2661 299 2664 ,
390 2624 495 2682 putatos
513 2626 539 2691 et
556 2619 704 2668 detentores
720 2618 753 2667 ad
770 2619 926 2668 reddendam
943 2617 990 2667 tibi
1007 2620 1133 2668 radonem
1150 2625 1176 2667 et
1199 2618 1370 2668 exhibendam
1395 2619 1498 2684 integre
1522 2636 1581 2686 pre·

391 2703 460 2752 dieto
478 2702 581 2753 nomine
599 2704 732 2762 decimam,
751 2717 800 2767 que
817 2703 851 2751 ud
867 2716 959 2753 manus
975 2704 1091 2768 ipsorum
1107 2696 1231 2766 pcr'n'euit,
1248 2716 1325 2765 qnam
1350 2702 1429 2754 etiam
1456 2706 1581 2769 quoslibet

392 2789 497 2851 decime,
514 2788 666 2852 legatorum,
684 2787 866 2840 obuentionum
882 2795 910 2837 et
926 2787 1035 2839 aliorum
1050 2788 1222 2855 predictorum
1234 2787 1361 2838 debitores
1374 2794 1400 2838 et
1412 2789 1581 2854 depositarios

392 2874 544 2938 adplenum
561 2875 823 2925 solutionemeorum
847 2875 1017 2938 prestandum,
1043 2875 1157 2938 predicte
1185 2888 1285 2937 qnoque
1312 2873 1435 2937 capitula,
1463 2875 1581 2940 collegis,

390 2973 514 3023 personas
532 2967 558 3009 et
575 2961 723 3025 episcopum
741 2961 775 3010 ad
792 2960 904 3009 dandum
923 2967 949 3010 et
965 2960 1148 3021 assignandum
1165 2958 1212 3008 tibi
1228 2957 1330 3022 scripto,
1343 2958 1442 3008 litteras
1452 2967 1478 3009 et
1489 2960 1582 3011 instru-

390 3051 478 3093 menta
495 3041 604 3109 prefata,
621 3059 666 3110 per
684 3046 964 3106 excommunicationis,
991 3044 1161 3108 suspensionis
1187 3049 1213 3093 et
1238 3043 1366 3092 interdicti
1380 3034 1539 3106 'secuntias
1557 3054 1584 3098 et

391 3127 455 3178 alius
474 3128 552 3178 etiam
568 3136 646 3193 prout
663 3131 822 3181 contumatia
843 3145 933 3181 eorum
955 3130 1070 3192 exegerit
1092 3137 1118 3179 et
1143 3127 1262 3198 expedire
1288 3128 1390 3191 uideris,
1406 3130 1582 3194 appellatione

391 3214 543 3278 postposita,
553 3215 741 3278 compellendo,
759 3211 880 3264 inuocato
898 3215 931 3264 ad
948 3215 998 3264 hoc
1015 3215 1037 3263 ei
1051 3221 1116 3278 opus
1133 3211 1211 3262 inerit
1227 3213 1325 3262 auxilio
1342 3213 1440 3276 bracbij
1451 3215 1583 3276 secularis,

342 3338 348 3354 ,
392 3304 418 3346 ot
433 3283 781 3366 nichilominusepiscopum
799 3309 825 3349 et
842 3299 908 3350 alios
926 3299 1085 3366 supradictos
1102 3298 1124 3348 ei
1141 3296 1207 3347 forte
1224 3297 1270 3346 tibi
1287 3297 1434 3347 huiusmodi
1456 3298 1584 3349 rationem

391 3382 497 3432 reddere
514 3391 560 3433 aut
577 3385 702 3435 decimam
720 3392 746 3435 et
762 3385 939 3445 iustrumenta,
958 3385 1053 3449 scripta
1071 3391 1098 3432 et
1114 3382 1212 3432 litteras
1230 3377 1350 3431 exhibere
1368 3382 1411 3432 uel
1427 3381 1584 3434 sadsiactio-

391 3480 449 3516 nem
466 3477 580 3532 prestere
597 3468 665 3520 inira
682 3476 867 3534 competentem
885 3486 901 3520 a
919 3478 944 3521 te
961 3469 1134 3535 prefigendnm
1150 3468 1245 3516 eisdem
1255 3467 1390 3516 terminum
1399 3481 1451 3516 non
1460 3466 1584 3526 curarint,

389 3551 460 3616 ipsos
479 3567 511 3601 ex
528 3562 601 3619 parte
619 3564 708 3606 nostra
725 3556 894 3619 peremptorie
912 3540 991 3603 citare
1008 3567 1137 3618 procures,
1155 3560 1184 3601 ut
1200 3551 1266 3601 inira
1283 3552 1360 3601 trium
1380 3552 1512 3611 mendum
1525 3567 1586 3617 spa-

390 3636 454 3686 tium
472 3645 531 3701 post
548 3639 697 3689 citationem
715 3646 785 3688 tuam
803 3654 848 3703 per
871 3652 898 3687 se
925 3638 967 3688 uel
992 3642 1037 3704 ρει
1062 3644 1242 3702 procuratores
1271 3638 1387 3701 ydoneos
1416 3645 1586 3701 compareant

390 3736 476 3772 coram
494 3720 577 3784 uobis,
596 3723 690 3772 nostris
709 3738 785 3787 super
801 3723 852 3772 hoc
869 3723 997 3773 mandatis
1015 3731 1041 3772 et
1057 3721 1223 3786 beneplacitis
1246 3721 1360 3786 parituri,
1381 3734 1412 3769 ac
1435 3718 1531 3770 facturi
1557 3730 1587 3773 et

390 3808 518 3870 recepturi
535 3808 603 3871 quod
619 3806 717 3856 iustitia
734 3809 859 3868 suadebit,
879 3806 946 3877 diem
969 3822 1031 3857 uero
1058 3806 1186 3856 citationis
1216 3814 1242 3855 ct
1270 3804 1378 3856 formam
1408 3812 1434 3854 et
1462 3797 1586 3870 quicquid

316 3896 318 3903 '
390 3905 467 3955 super
484 3892 533 3941 hoc
551 3890 650 3954 feceris,
662 3889 735 3941 nobis
753 3908 799 3956 per
816 3901 872 3942 tuas
890 3891 989 3942 litteras
1006 3887 1098 3941 bustim
1112 3892 1204 3940 scriem
1222 3890 1381 3940 continentes
1398 3890 1503 3940 studeas
1520 3891 1587 3940 fide·

376 3973 448 4025 'liter
465 3975 590 4039 intimare.
625 3974 689 4025 Illos
707 3984 802 4036 autem,
821 3977 864 4041 qui
880 3986 984 4040 propter
1001 3976 1108 4026 eandem
1122 3971 1251 4039 'decimam
1266 3974 1338 4024 nullo
1354 3975 1432 4026 modo
1444 3960 1486 4024 uel
1500 3976 1587 4026 scien-

389 4068 429 4108 ter
446 4073 498 4110 nou
516 4061 614 4125 integre
631 4070 676 4111 eeu
694 4063 721 4111 in
738 4061 841 4110 statutis
860 4061 1043 4111 terminisnon
1060 4061 1170 4111 solutam
1187 4066 1233 4109 aut
1248 4067 1355 4124 propter
1370 4059 1485 4110 fraudem
1513 4061 1587 4112 circa

388 4142 467 4207 ipsius
485 4146 582 4196 decime
599 4134 752 4197 solutionem
771 4145 919 4208 adhibitam,
937 4146 979 4195 uel
996 4145 1059 4196 aliae
1076 4152 1181 4210 propter
1203 4144 1410 4210 impedimentum
1435 4145 1585 4209 prestitum,

389 4242 440 4292 quo
459 4232 541 4278 miuus
558 4232 673 4293 predicta
691 4230 790 4282 decima
808 4232 957 4292 solueretur,
975 4230 1039 4280 alios
1063 4244 1163 4294 quoque
1189 4231 1230 4292 qui
1259 4242 1306 4294 pro
1335 4244 1366 4280 eo
1391 4231 1461 4293 quod
1484 4229 1586 4294 legata,

389 4302 557 4363 dbuenciones
574 4322 601 4365 et
617 4316 669 4366 alia
686 4317 833 4381 supradicta
850 4316 954 4366 minime
971 4312 1158 4379 persultarunt,
1176 4314 1243 4364 latas
1261 4315 1316 4364 siue
1341 4329 1387 4377 per
1408 4312 1587 4379 Isngdunenee

389 4397 535 4458 concilium,
554 4409 599 4449 aut
615 4401 679 4450 alias
697 4401 723 4450 in
740 4401 807 4450 tales
825 4399 1121 4451 excommunicationum
1139 4401 1278 4449 sententias
1288 4399 1423 4452 incurrisse
1431 4408 1586 4465 noscuntur,

351 4549 352 4552 Ἴ
388 4490 448 4548 poet
464 4483 590 4547 integram
608 4487 770 4548 solutionem,
789 4493 815 4535 et
832 4485 1034 4535 satisfactionem
1051 4484 1192 4548 plenariam
1209 4499 1255 4548 pro
1274 4485 1386 4535 subsidio
1412 4495 1478 4535 terre
1504 4487 1585 4550 preli-

388 4569 448 4617 bate
466 4568 602 4632 impensas,
621 4571 653 4620 ab
672 4570 819 4622 huiusmodi
837 4570 1130 4640 excommunicationum
1152 4568 1284 4632 seutentijs
1307 4570 1442 4622 absoluere
1467 4573 1586 4635 studeas,

389 4654 559 4718 dispensando
577 4656 755 4707 nichilominus
776 4670 834 4706 cum
852 4656 947 4705 eisdem
970 4670 1047 4719 super
1071 4644 1258 4716 irregularitate
1284 4669 1360 4717 quam
1389 4655 1426 4705 sic
1453 4655 1530 4718 ligati
1555 4657 1585 4707 in

384 4739 442 4789 'suls
462 4738 602 4793 'ordinibus
631 4741 801 4793 ministrando
831 4742 873 4791 uel
898 4756 925 4792 se
952 4740 1118 4790 immiscendo
1144 4739 1236 4788 diuinis
1267 4737 1360 4802 officijs
1387 4748 1584 4804 ennuuemnt,

387 4823 501 4874 iniuncto
519 4825 556 4876 eis
574 4827 643 4890 qued
660 4827 699 4876 de.
718 4829 772 4878 iure
800 4821 876 4877 fuerit
905 4826 1096 4888 iniungendum.
1143 4822 1259 4885 Quorum
1290 4832 1319 4874 ut
1343 4827 1508 4879 commissum
1536 4828 1583 4878 tibi
