3584 5625
949 429 988 487 42

460 610 637 690 ¹Episcopus
657 614 745 672 nichil
765 615 844 672 dedit
865 634 1009 674 excusans
1031 634 1083 690 pre
1102 624 1283 692 paupertate.

455 716 502 774 De
524 716 643 774 denario
664 717 756 774 sancti
778 715 856 790 Petrj
880 716 967 775 nichil
989 715 1138 791 colligitur
1157 716 1186 774 in
1210 716 1287 774 dicto
1310 716 1488 792 episcopatu.

373 957 443 1035 [ap]
475 891 603 1020 'Summa
622 959 727 1035 pagine
754 918 822 975 ssl-
842 920 959 976 marche
981 917 1100 994 argentj.
1123 920 1160 976 ad
1182 918 1298 994 pondus
1318 918 1354 975 de
1376 916 1544 978 Stocolmis.

755 1022 789 1061 .c.
814 1004 931 1062 marche
953 1021 1044 1081 parua
1066 1012 1181 1061 monete
1203 1002 1324 1062 Swacie.

458 1183 514 1259 [De
535 1188 628 1263 quibua
650 1188 735 1245 dictae
749 1190 841 1263 frater
861 1186 1018 1247 'Goelcaleue
1040 1191 1202 1263 computavit
1227 1208 1286 1247 cum
1314 1189 1377 1245 dizit
1411 1187 1567 1244 Commodo

373 1298 398 1346 ct
418 1288 590 1361 thesaurario,
614 1308 697 1365 quare
718 1290 760 1348 lu'c
786 1309 841 1346 noa
872 1292 1038 1347 concreata
1069 1292 1261 1363 maiqaathnca
1293 1309 1341 1349 acc
1375 1308 1490 1364 emotae
1513 1308 1569 1363 per

374 1392 462 1466 aaa
476 1387 571 1464 saar.

273 1488 347 1527 tatur.
357 1501 373 1528 ι.

279 1540 375 1579 abactio·

273 1602 372 1681 soliha
633 1602 813 1701 Computus
840 1603 1051 1676 abbreuiatus
1077 1605 1120 1676 de
1145 1606 1310 1701 predictis.

461 1772 529 1853 [Per
546 1780 669 1855 predt'cta
686 1788 762 1853 potet
783 1773 888 1854 qaod]³
910 1778 939 1836 in
961 1799 1051 1856 regno
1073 1780 1230 1856 Norwegie
1245 1781 1281 1839 de
1293 1779 1565 1839 decimaeexennali

372 1880 402 1939 in
426 1880 592 1939 ciuitatibus
614 1890 643 1937 et
665 1880 827 1939 diocesibus
849 1864 994 1941 Osloensi.
1018 1882 1181 1940 Amarensi.
1203 1882 1392 1940 Nidrosiensi.
1413 1881 1565 1956 Bergensi

374 1982 589 2058 Stauangrensi.
608 1981 846 2042 Grenellendensi
859 1993 887 2040 et
899 1984 1069 2043 Orcadensi.
1091 2003 1143 2060 per
1162 1982 1253 2041 felicis
1273 1982 1482 2042 recordationis
1493 1983 1564 2040 dr‘rm

374 2083 552 2145 Clementem
565 2103 672 2161 papam
695 2104 733 2143 .v.
757 2085 892 2161 imposita
913 2081 1087 2161 [recepimral

568 2356 682 2433 pondus
704 2356 893 2416 Noricanum.

525 2478 560 2517 .c.
582 2457 642 2534 liiij.
664 2457 762 2532 florenj
786 2457 857 2533 autj.

527 2558 575 2635 iij.
597 2559 680 2618 vncie
703 2579 771 2619 cum
792 2558 912 2643 dimidia
933 2559 1005 2634 aurj.
1027 2560 1065 2617 ad
1087 2561 1201 2635 pondus
1220 2560 1410 2619 Norieanum.

525 2660 581 2736 iiij.
603 2660 712 2737 denarij
736 2662 951 2721 Turonensium
971 2661 1081 2738 argentj
1103 2662 1180 2738 regis
1199 2662 1334 2721 Francia.

522 2762 599 2839 aeij.
622 2763 694 2822 libre
716 2764 783 2841 aiij.
806 2764 860 2824 sol.
882 2762 910 2840 ij
932 2763 1043 2822 denarii
1061 2764 1264 2840 sterlingorum
1285 2763 1406 2840 argentj.

527 2864 594 2940 .iin¹.n
614 2865 676 2941 viijt
698 2866 787 2943 xxiiij.
809 2870 925 2925 marche
948 2886 984 2925 .v.
1008 2866 1093 2924 vncie
1120 2865 1167 2924 ,iii
1196 2866 1301 2942 quarti.
1333 2886 1424 2942 parue
1445 2876 1560 2925 monete

565 2967 722 3027 Noricane.

456 3137 529 3194 Item
551 3137 588 3194 de
608 3156 696 3196 censu
718 3137 768 3213 qui
791 3134 926 3194 denarius
947 3136 1024 3194 beati
1045 3135 1128 3194 Petri
1148 3137 1300 3213 apellatur.

527 3305 572 3382 ..vj
595 3306 680 3366 solidi
701 3305 915 3365 Turonensium
935 3305 1047 3381 argenti
1070 3306 1105 3363 de
1127 3306 1261 3365 Francia.

526 3406 571 3482 .vj.
595 3408 668 3466 libre
691 3407 758 3484 .xvj.
781 3407 865 3467 solidi
890 3426 927 3464 .v.
950 3407 1058 3466 denarii
1079 3407 1281 3484 sterlingorum
1304 3407 1424 3484 argenti.

525 3517 566 3568 ,vt
587 3507 689 3586 lxxiiij.
710 3513 826 3570 marche
848 3509 892 3585 .vj.
914 3509 998 3568 vnoie
1021 3529 1112 3585 paruo
1134 3519 1256 3567 monete.
1356 3515 1358 3522 '

459 3681 533 3738 Item
556 3680 592 3738 de
614 3679 719 3757 legatis
739 3676 832 3742 terre*
851 3679 880 3737 in
904 3679 980 3738 dIcto
1007 3670 1105 3755 regno.
1143 3707 1176 3717 -
1213 3678 1270 3754 iiij.
1303 3680 1418 3737 marche
1451 3676 1564 3752 argenti

373 3782 411 3840 ad
433 3781 543 3839 dictum
562 3781 686 3858 pondus.
1181 3780 1184 3786 ’

460 3884 534 3943 Item
558 3884 594 3941 de
616 3884 742 3960 quadam
765 3883 1030 3959 condempnaoione
1052 3883 1111 3941 lata
1138 3891 1239 3942 contra
1260 3883 1428 3960 episcopum
1451 3882 1563 3942 Orcad-

376 4005 533 4045 ensem-a
559 3985 679 4062 lxxviij.
701 3987 817 4044 marche
840 3984 1042 4062 sterlingorum
1065 3985 1184 4061 argentj.
1207 3986 1244 4042 ad
1266 3986 1375 4043 dietum
1398 3985 1521 4061 pondus.

545 4087 666 4148 Summa
689 4087 872 4148 Summarum
906 4086 1032 4145 omnium
1065 4087 1259 4162 Receptorum
1293 4088 1322 4144 in
1354 4082 1431 4145 dicto
1461 4088 1564 4163 Regno

374 4189 539 4266 Norwegie.
562 4197 605 4248 est

460 4292 509 4367 .vj0.
533 4293 593 4350 xix.
616 4292 731 4349 marche
755 4311 791 4349 .v.
814 4293 898 4350 vncie
920 4291 965 4366 iij.
987 4289 1082 4368 quarti
1098 4289 1209 4366 argenti
1225 4290 1262 4363 ad
1274 4289 1564 4367 pondusNorwegie.

461 4414 494 4452 .c.
515 4394 574 4470 liiij.
594 4394 693 4470 florenj
717 4394 786 4470 aurj.

317 4534 320 4538 ’
406 4538 582 4607 ·¹1Margen
599 4544 657 4593 med
676 4545 725 4592 deu
743 4544 826 4592 audon
848 4543 942 4592 Haand
960 4535 1096 4604 „altcade.“
1131 4518 1206 4590 ²iol.
1227 4547 1265 4590 21.
1279 4541 1308 4590 h.
1332 4557 1359 4590 er
1386 4542 1492 4591 skreven
1510 4542 1518 4589 i
1537 4548 1564 4590 to

443 4628 552 4692 Spalter.
590 4622 658 4676 ³De
682 4627 839 4677 indcirkleda
863 4628 917 4679 Ord
935 4643 977 4677 ere
995 4627 1102 4676 skrevne
1120 4627 1177 4676 med
1196 4627 1245 4676 den
1271 4627 1354 4676 andan
1383 4626 1476 4676 llaand
1505 4641 1566 4676 over

446 4728 477 4763 en
494 4714 631 4775 Radering.
668 4711 770 4762 Ordene
789 4705 968 4777 „pateaqaoffl
992 4727 1033 4761 ere
1056 4712 1170 4762 desuden
1188 4712 1374 4773 orerstregede.
1421 4705 1433 4736 ¹¹
1458 4711 1512 4760 Her
1538 4726 1565 4761 er

429 4793 563 4859 .„sancte“
582 4796 720 4859 udeglemt.
761 4860 763 4865 Ι
