3584 5625
866 471 927 530 190

248 636 250 642 ,
298 661 368 727 quod
384 673 461 726 super
478 660 607 713 solutione
625 659 671 710 tibi
688 658 721 708 de
738 656 836 707 decima
853 655 895 705 uel
912 654 1020 708 residuis
1037 656 1182 710 huiusmodi
1199 658 1317 712 facienda
1334 662 1387 713 duo
1399 662 1490 714 confici

298 746 378 797 facim
396 743 660 811 eomimiliapublica
685 741 855 792 instrumenta
884 756 991 806 querum
1016 743 1099 793 altero
1123 758 1202 808 penes
1227 748 1333 797 eosdem
1359 747 1490 800 soluentes

298 832 403 882 dimisso
420 832 529 896 reliqum
546 831 579 881 ad
596 836 712 880 nostram
729 841 803 877 cures
821 841 950 877 eameram
967 827 1101 879 destinare.
1135 829 1235 882 Datum
1251 830 1382 884 Aninione
1394 848 1427 882 .v.
1439 834 1489 885 kal.

247 933 253 946 .
299 916 374 981 Junij
393 916 558 982 pontificatus
575 915 658 966 nostri
675 927 743 963 anno
762 912 997 977 decimoseptimo.

600 996 667 1047 (hrcle.
679 997 721 1036 vrr.
735 998 782 1044 aeg.
796 997 848 1036 secr.
862 996 904 1035 leb.
919 996 977 1035 xxii.
995 1008 1026 1038 an.
1041 996 1071 1037 17.
1085 1009 1115 1047 ep.
1129 997 1183 1042 617).

701 1221 750 1281 84.
796 1221 885 1281 1333.
917 1219 1083 1281 redemti.

363 1340 497 1393 «lohannes
515 1338 651 1405 episeopus
668 1354 687 1389 s.
707 1353 727 1388 s.
741 1338 765 1388 d.
777 1336 964 1388 venerabilibus
976 1336 1097 1389 fratribus
1115 1340 1276 1405 patriarchis,
1289 1343 1489 1407 archiepiscopis

296 1435 323 1478 at
348 1426 474 1492 episcopis
500 1440 531 1476 ac
561 1424 661 1475 dilectis
687 1422 748 1485 filijs
774 1421 861 1472 electis
886 1423 1022 1474 abbatibus
1048 1425 1183 1490 prioribus,
1207 1428 1318 1489 decanis,
1341 1429 1489 1491 prepositis,

220 1491 227 1514 ⁸
296 1511 491 1573 archidiaconis,
509 1508 735 1575 archipresbiteris,
753 1508 894 1559 rectoribus
913 1516 939 1557 et
955 1507 1014 1571 alijs
1029 1509 1194 1561 ecelesiarum
1206 1511 1309 1574 prelatis
1321 1513 1488 1578 ipsorumque

296 1596 511 1662 uicesgerentibus
529 1593 648 1659 capitulis
675 1608 775 1657 quoque
801 1593 970 1643 conuentibus
999 1595 1140 1659 ceterisque
1165 1596 1279 1660 personia
1306 1597 1487 1649 ecclesiasticis

296 1683 455 1748 regularibus
472 1688 500 1732 et
516 1678 673 1732 secularibus
691 1678 816 1742 exemptis
834 1686 861 1727 et
876 1692 930 1728 non
951 1679 1077 1742 exemptis
1104 1678 1281 1731 cisterciensis
1308 1681 1488 1735 cluniacensis

294 1762 762 1831 Premonstratensis,camaldulensis
780 1771 928 1813 sanctorum
945 1764 1080 1815 Benedicti
1103 1772 1129 1815 et
1154 1764 1295 1828 Augustini
1321 1776 1348 1817 et
1375 1768 1488 1820 aliorum

296 1854 421 1911 ordinum,
439 1867 469 1903 ac
486 1853 622 1902 domorum
639 1848 771 1913 hospitalia
799 1848 882 1898 saneti
907 1847 1034 1899 ,Iohannis
1060 1847 1264 1901 Jercsollmitani
1292 1861 1381 1903 sancte
1403 1854 1489 1904 Maris

295 1939 522 1997 Theotonicorum,
541 1933 734 1987 Caletrauenais
752 1941 779 1984 et
795 1933 996 1985 Humiliatorum
1018 1934 1146 1999 magistris
1171 1935 1299 1999 prioribus
1328 1946 1355 1987 et
1381 1953 1489 2005 precep-

295 2024 394 2076 toribus
410 2037 511 2073 necnon
527 2020 653 2072 nobilibus
671 2019 739 2082 viris,
758 2019 864 2069 ducibus
881 2019 1038 2085 principibus
1055 2020 1242 2071 marchionibus
1260 2023 1395 2073 comitibus
1409 2025 1489 2076 baro-

294 2109 368 2161 nibus
386 2108 522 2159 senescalis
537 2105 687 2169 justiciarijs
704 2105 876 2170 potestatibus
894 2106 1034 2169 capitaneis
1051 2105 1192 2156 rectoribus
1213 2106 1305 2157 baiulis
1329 2106 1490 2162 officialibus

294 2193 434 2259 ceterisque
452 2193 559 2243 dominis
578 2190 762 2255 temporalibus
779 2189 989 2241 uniuersitatibns
1006 2206 1106 2255 quoque
1124 2197 1150 2241 et
1172 2191 1397 2243 communitatibus
1422 2194 1490 2245 ciui-

294 2285 377 2330 tatum
393 2286 519 2329 terrarnm
537 2276 814 2328 castrorumvillarum
832 2282 858 2325 et
874 2275 983 2327 aliorum
1000 2291 1216 2341 quorumcumque
1239 2276 1364 2339 locorum,
1382 2285 1409 2328 et
1426 2280 1488 2345 aliJ's

292 2364 417 2415 vniuersis
435 2371 461 2414 et
478 2363 585 2427 singulis
603 2363 636 2412 ad
654 2376 717 2426 quos
734 2367 864 2425 presentes
873 2361 959 2411 littere
968 2362 1130 2426 peruenerint
1143 2361 1252 2412 salutem
1266 2369 1293 2413 et
1300 2370 1384 2426 apost.
1393 2365 1488 2416 bened.

294 2448 359 2501 va
375 2465 422 2501 nos
440 2449 561 2499 dilectum
577 2447 659 2498 filium
676 2448 827 2509 magistrum
844 2445 949 2496 Petrum
976 2445 1093 2510 Geruasij
1124 2446 1278 2499 canonicum
1304 2446 1489 2501 Vinariensem

293 2536 436 2600 apostolice
454 2534 521 2585 sedis
539 2533 656 2583 nuntium
678 2532 847 2582 exhibitorem
873 2534 1029 2598 presentium
1055 2533 1151 2584 dudum
1176 2534 1210 2584 ad
1234 2533 1317 2584 Dacia
1342 2541 1369 2584 et
1394 2535 1488 2587 deinde

292 2618 409 2671 Norweie
427 2625 453 2669 et
470 2618 566 2671 Suecie
584 2633 722 2683 regnorum
738 2624 824 2682 partes
841 2631 888 2683 pro
907 2618 983 2669 certis
1001 2618 1095 2670 nostrie
1113 2625 1140 2669 et
1156 2619 1263 2669 ecclesie
1271 2620 1388 2670 Romane
1406 2635 1487 2685 nego-

293 2706 340 2770 eiJs
358 2704 506 2756 duxerimus
525 2705 711 2756 destinandum.
734 2704 927 2754 uniuersitatem
952 2710 1066 2754 uestram
1094 2719 1216 2768 rogamus
1243 2719 1377 2755 monemus
1405 2712 1430 2756 et
1458 2707 1486 2757 in

293 2790 396 2843 dominc
415 2790 541 2842 ettencins
558 2791 725 2842 exhortamur
744 2790 862 2855 quatinus
880 2790 989 2840 eundem
1007 2805 1066 2841 cum
1082 2804 1129 2856 per
1149 2795 1230 2841 terras
1248 2789 1378 2841 districtus
1394 2797 1484 2856 portus

293 2884 319 2928 et
336 2876 394 2927 loca
411 2883 498 2927 uestra
514 2876 662 2927 transiuerit
684 2890 730 2926 seu
756 2889 855 2925 moram
880 2876 974 2926 ibidem
1001 2876 1109 2927 traxerit
1136 2876 1246 2938 benigne
1275 2877 1483 2926 recomendatum

292 2962 417 3015 habentes
435 2962 532 3013 nullam
550 2963 632 3013 eidem
649 2967 695 3011 aut
711 2960 813 3011 famulis
831 2950 883 3012 sui's
901 2961 929 3013 in
945 2961 1060 3026 personis
1077 2960 1121 3011 uel
1146 2961 1221 3010 rebus
1248 2975 1338 3013 eorum
1361 2961 1479 3012 moleste·

292 3049 390 3098 tionem
407 3047 450 3098 uel
466 3048 584 3098 iniuriam
600 3046 716 3097 inieratis
734 3061 781 3096 nec
799 3048 831 3095 ab
849 3045 909 3109 alijs
926 3051 1049 3109 quantum
1075 3047 1103 3097 in
1128 3046 1201 3095 uobis
1229 3044 1307 3098 fuerit
1331 3045 1480 3112 permittatis

292 3131 379 3183 inferri
397 3133 442 3182 sed
459 3132 496 3183 eis
512 3132 603 3197 pocius
621 3133 652 3181 de
670 3146 760 3181 securo
779 3130 908 3181 conductu
924 3132 952 3181 in
968 3131 1053 3180 eundo
1071 3138 1098 3181 et
1114 3132 1238 3182 morando
1257 3133 1277 3182 si
1290 3149 1307 3183 a
1323 3131 1398 3184 uobis
1409 3132 1483 3184 illum

291 3218 397 3283 pecierit
414 3217 451 3268 sic
467 3223 586 3282 prompte
604 3232 635 3267 ac
651 3215 729 3267 libere
747 3230 793 3280 pro
812 3223 902 3267 nostra
919 3223 946 3267 et
962 3216 1077 3267 eiusdem
1094 3216 1161 3267 sedis
1178 3218 1326 3269 reuerentia
1348 3220 1483 3283 prouidere

292 3304 386 3354 curetis
404 3304 472 3367 quod
490 3303 545 3368 ipse
562 3303 593 3352 de
611 3301 685 3353 uobis
703 3309 778 3366 grata
789 3300 883 3353 referre
896 3303 987 3353 merito
1000 3301 1095 3362 ualeat,
1107 3316 1205 3365 nosque
1215 3303 1376 3354 decetionem
1390 3299 1483 3367 [tuam]

292 3389 424 3439 ualeamus
441 3394 576 3453 propterea
593 3387 619 3439 iu
637 3390 740 3440 domino
758 3389 945 3450 commendare,
962 3389 1122 3452 presentibus
1141 3390 1261 3453 quamdiu
1277 3390 1333 3453 ipse
1350 3390 1378 3440 in
1397 3405 1483 3455 proee-

292 3473 394 3525 cutione
412 3473 538 3524 dictorum
554 3474 720 3538 negociorum
737 3473 814 3527 fuerit
831 3474 983 3525 tantumodo
1005 3472 1129 3524 ualiturr‘s.
1176 3473 1275 3524 Datum
1292 3473 1422 3527 Aninione
1450 3491 1482 3525 .r.

292 3559 346 3610 kal.
366 3557 437 3622 Junij
456 3558 622 3623 pontificatus
639 3561 719 3612 nostri
737 3574 805 3612 anno
823 3561 923 3611 decimo
942 3559 1059 3624 septimo.

595 3639 661 3690 [Aret.
675 3644 718 3684 vir.
731 3645 777 3690 lieg.
791 3645 843 3683 secr.
858 3644 902 3683 lob.
917 3643 977 3682 lllill.
993 3653 1028 3681 ru·
1042 3641 1073 3684 17.
1089 3654 1119 3693 ap.
1132 3638 1185 3690 618).

700 3866 749 3927 85.
795 3868 884 3928 1333.
928 3869 977 3928 5te
997 3868 1079 3928 Juni.

359 3985 395 4037 Jn
412 3983 513 4036 nomine
532 3984 628 4035 domini
646 3999 730 4035 amen.
758 3983 835 4036 Anno
856 3999 872 4035 a
891 3985 1028 4037 natiuitate
1046 3987 1167 4037 eiusdem.
1181 3996 1220 4047 m0,
1242 3997 1300 4047 ccc0,
1320 3988 1421 4053 xxxttje
1441 3987 1481 4038 dia

292 4073 381 4137 qm'nta
397 4069 491 4122 mensis
509 4069 590 4134 Junij,
605 4070 750 4134 jndietione
767 4072 857 4134 prima,
875 4071 1040 4135 pontificatus
1058 4071 1212 4123 sanctissimi
1234 4073 1313 4137 patris
1338 4083 1365 4125 et
1386 4075 1482 4125 domiui

196 4151 199 4158 ’
291 4157 373 4208 nostri
390 4156 486 4207 domini
503 4155 630 4208 iohannis
649 4155 737 4206 diuina
757 4155 923 4222 prouidencia
944 4172 1010 4222 pepe
1032 4157 1106 4221 xxij.
1124 4172 1193 4207 anno
1212 4157 1288 4220 .xvij⁰,
1318 4157 1482 4211 Constitutus

291 4241 459 4307 personaliter
472 4240 504 4304 jn
513 4241 645 4306 presencia
652 4240 702 4292 mei
711 4241 804 4305 notamj
815 4247 841 4291 et
851 4243 954 4293 testium
963 4242 1185 4308 infrascriptorum
1193 4244 1344 4295 venerabilis
1354 4254 1381 4296 et
1389 4246 1482 4296 disere·

291 4335 333 4378 tus
350 4326 388 4376 vir
397 4327 513 4378 dominus
522 4325 613 4376 Petrus
624 4325 740 4389 Geruasij
753 4321 807 4387 [ete.
818 4342 866 4376 som
875 4326 886 4376 i
892 4324 943 4379 No.
957 4326 991 4380 76
998 4325 1039 4391 rit]
1054 4329 1206 4392 recogncuit
1214 4343 1241 4378 se
1251 4332 1376 4394 recepisse
1385 4330 1483 4381 ethab-

291 4414 359 4464 uisse
377 4428 393 4462 a
410 4412 550 4462 reuerendc
567 4418 639 4477 patre
652 4413 755 4464 domino
765 4412 863 4464 Karolo
873 4398 1143 4480 episcopo,prepcsito
1153 4415 1483 4479 eteapituloecclesieLin-

291 4498 416 4563 tepentis,
433 4511 479 4562 per
496 4512 586 4547 manus
604 4498 785 4549 venerabilium
802 4498 915 4550 virorum
933 4499 1094 4549 dominorum
1111 4497 1239 4551 Johannis
1257 4501 1437 4566 archidyaconi
1455 4508 1483 4550 et

291 4581 382 4632 Karoli
400 4582 490 4633 decani
507 4581 790 4648 ecclesieLincopensis
808 4584 929 4647 predicte,
949 4584 1141 4649 quatuordeeim
1166 4586 1401 4650 marchasargenti
1418 4601 1482 4650 pcn-

292 4668 359 4718 deris
384 4667 515 4719 scarensis
544 4675 570 4717 et
586 4682 680 4718 nouem
698 4669 814 4720 marchas
832 4676 937 4719 monete
954 4667 1085 4720 Gettensis
1104 4670 1136 4719 ad
1155 4670 1223 4720 idem
1239 4672 1339 4735 pondus
1357 4673 1482 4738 pondera·

292 4759 333 4804 tas
351 4753 382 4802 de
399 4751 493 4815 legatis
518 4753 545 4803 in
563 4746 704 4804 subsidium
721 4760 787 4804 terre
805 4759 894 4804 sancte
912 4752 988 4803 iactis
1006 4768 1023 4802 a
1040 4754 1147 4804 diuersis
1174 4755 1290 4817 personis
1317 4758 1429 4809 ciuitatis
1455 4763 1482 4807 et

266 4843 268 4848 '
292 4836 401 4887 diocesis
419 4836 595 4903 Lincopensis,
613 4852 720 4902 quarum
737 4839 843 4890 nomine
860 4853 913 4890 nou
930 4846 1118 4903 expresserunt,
1131 4853 1178 4890 nee
1195 4840 1259 4891 alias
1277 4842 1360 4892 eidem
1377 4841 1481 4891 domino
