3584 5625
864 499 923 559 147

296 689 420 743 uertatur,
438 684 530 748 quibus
547 689 622 734 extra
639 695 745 745 regnum
770 682 854 747 ipsum
881 684 971 733 delatis
998 693 1024 734 et
1050 686 1150 734 demum
1179 685 1297 745 uenditis,
1323 691 1488 735 concertetur
1581 684 1584 687 ’

295 769 461 834 postmodum
478 780 566 818 earum
583 765 694 831 pretium
711 766 738 815 in
755 774 897 829 argentum.
933 769 1030 819 Verum
1049 772 1108 833 qnia
1124 776 1154 819 ut
1170 770 1261 819 asseris
1280 784 1356 833 snper
1374 771 1424 834 hijs
1442 771 1488 820 sli-

297 854 366 918 quod
386 852 482 916 absque
504 859 594 917 nestra
616 852 780 901 concinentia
806 854 939 916 disponere
956 869 1008 903 non
1024 855 1156 917 presumis,
1174 854 1311 919 postulasti
1330 855 1374 904 tibi
1392 857 1487 919 exponi

297 952 374 1003 snper
389 936 441 987 rllls
458 944 546 988 nostre
563 935 752 1000 beneplacitum
770 937 920 988 uoluntatis.
963 938 1018 988 Nos
1036 940 1121 1002 itaque
1140 940 1296 1002 diligentiam
1316 945 1386 989 tuam
1403 940 1488 990 multi-

296 1024 398 1089 pliciter
412 1023 632 1083 commendantes,
645 1022 791 1072 discretioni
808 1030 851 1072 tue
868 1025 1021 1086 presentium
1040 1025 1193 1073 auctoritate
1211 1024 1399 1086 committimus,
1418 1032 1447 1074 ut
1462 1025 1488 1075 iu

296 1107 428 1172 premissis
445 1108 570 1172 procedes
587 1112 665 1170 prout
681 1121 758 1171 super
773 1108 824 1157 hoc
841 1108 946 1160 utilitati
964 1115 1030 1158 terre
1045 1115 1131 1158 sancte
1140 1109 1234 1159 uideris
1244 1110 1372 1172 expedire,
1382 1110 1488 1173 rescrip-

298 1200 369 1244 turus
386 1192 461 1242 uobis
478 1192 588 1243 fideliter
603 1206 650 1257 per
666 1198 724 1244 tuas
741 1193 839 1243 litteras
856 1193 947 1243 harum
965 1193 1054 1244 seriem
1072 1194 1242 1255 continentes,
1256 1193 1377 1259 quidquid
1395 1196 1421 1248 in
1438 1193 1488 1257 hijs

297 1277 402 1329 duxeris
421 1275 572 1327 iaciendum.
607 1276 706 1328 Datum
723 1279 805 1329 Rome
824 1280 891 1343 apud
909 1285 1026 1329 sanctum
1044 1279 1148 1329 Petrum
1167 1278 1200 1340 ij.
1210 1278 1260 1329 kal.
1274 1278 1406 1343 Februarii
1425 1293 1488 1344 pou-

297 1364 409 1415 diicutus
426 1362 508 1413 nestri
525 1373 594 1412 aune
610 1362 733 1413 secunde.

656 1442 1129 1495 mmmmmwmbmw

704 1671 750 1731 13.
797 1672 888 1730 1279.
936 1673 984 1729 tte
1005 1670 1085 1731 Juni.

364 1783 486 1836 Niccluus
504 1784 581 1849 episc.
601 1798 667 1835 seru.
686 1800 782 1836 seruor.
801 1788 842 1837 dei
864 1786 1052 1836 venerabilibus
1081 1786 1200 1838 iratribus
1228 1825 1233 1835 .
1262 1824 1267 1835 .
1296 1789 1489 1851 archiepiscopo

252 1909 256 1925 .
298 1877 323 1920 et
339 1869 464 1920 uniuersis
482 1869 609 1934 episcopis
633 1871 659 1919 iu
685 1885 766 1935 regno
793 1870 879 1921 Suetic
907 1871 1053 1921 constitutis
1080 1871 1154 1921 salut.
1174 1879 1200 1920 et
1225 1873 1335 1934 apostol.
1363 1873 1488 1922 benedict.

298 1954 382 2005 Tanto
400 1955 434 2003 ad
451 1961 517 2003 terre
535 1960 623 2004 sancte
640 1956 750 2006 comoda
772 1956 934 2019 procuranda
959 1972 1006 2006 uos
1033 1958 1106 2005 decet
1132 1971 1284 2019 consurgere
1311 1959 1490 2022 promptiores,

298 2046 393 2104 quanto
411 2038 483 2087 illum
500 2038 554 2088 eius
570 2039 658 2088 beauit
675 2040 813 2104 presentia,
831 2041 903 2090 cuius
922 2041 1012 2092 effusio
1031 2042 1162 2105 sanguinis
1185 2040 1271 2091 extitit
1296 2050 1385 2091 nostra
1413 2043 1489 2093 sulus.

298 2123 363 2175 (lum
378 2123 468 2186 itaque
485 2124 583 2173 decima
600 2123 680 2189 ipsius
698 2132 773 2185 terre,
793 2140 840 2188 que
857 2127 922 2189 proh
940 2128 1015 2177 dolor
1041 2142 1092 2176 nou
1119 2126 1173 2176 sine
1194 2126 1335 2187 ignominia
1359 2127 1489 2176 christiani

297 2210 406 2258 nominis
425 2208 472 2257 sub
493 2208 634 2259 infidelium
651 2216 778 2274 potestate
797 2210 914 2259 consistit
931 2212 1043 2261 eiusdem
1062 2219 1128 2260 terre
1146 2211 1260 2261 subsidio
1279 2212 1410 2276 deputata,
1429 2226 1489 2275 que-

299 2294 357 2344 dam
371 2292 501 2357 quantitas
517 2294 624 2357 pecunie
641 2294 668 2343 iu
694 2296 785 2345 uestris
812 2296 958 2346 ciuitatibus
985 2306 1010 2346 et
1036 2297 1180 2347 diocesibus
1206 2304 1235 2346 ut
1257 2296 1430 2347 intelleximus
1457 2297 1490 2345 sit

298 2378 407 2429 collecta
414 2377 606 2428 uniuersitatem
619 2386 731 2429 uestram
748 2394 870 2443 rogamus
888 2388 914 2431 et
930 2382 1063 2431 hortamur
1081 2388 1179 2431 attente
1195 2396 1241 2446 per
1258 2381 1400 2445 etmatelica
1417 2382 1490 2431 uobis

298 2464 393 2528 scripta
409 2463 436 2514 in
453 2463 549 2513 uirtute
568 2463 713 2514 obedientie
731 2465 844 2515 districte
862 2468 1024 2531 precipiendo
1042 2468 1201 2529 mandantes,
1220 2474 1344 2531 quatenus
1363 2466 1396 2514 ob
1418 2480 1489 2515 reue·

297 2550 406 2599 rentiam
423 2547 540 2598 crucifixi
557 2548 629 2598 cuius
651 2547 678 2597 iu
704 2550 753 2599 bec
780 2559 852 2614 parte
877 2567 918 2601 res
944 2553 1036 2615 agitur,
1063 2559 1089 2600 et
1114 2543 1230 2601 nostram
1256 2550 1350 2614 singuli
1377 2557 1491 2601 uestrum

297 2633 432 2699 pecuniam
449 2632 476 2681 in
493 2632 558 2683 locis
575 2633 608 2681 de
626 2632 726 2683 decima
742 2634 888 2685 huiusmodi
905 2644 990 2686 uestre
1014 2636 1182 2686 iurisdictioui
1209 2635 1329 2685 subiectis
1355 2635 1491 2685 collectum

298 2720 331 2769 ad
348 2724 453 2783 portum
470 2716 621 2767 scarensem
638 2726 777 2781 procurent
788 2721 834 2769 sub
849 2722 967 2771 custodis
980 2723 1031 2770 ride
1042 2720 1141 2771 deferri.
1177 2720 1294 2782 Itaquod
1304 2720 1491 2785 dictapecuuia

297 2808 387 2868 postea
404 2802 430 2852 in
446 2802 590 2863 Franciam,
608 2816 659 2866 per-
671 2801 795 2854 dilectum
809 2803 890 2855 tilium
916 2805 1068 2870 magistrum
1097 2806 1269 2856 Ber-trandum
1295 2805 1419 2856 Amalrici
1449 2820 1490 2854 ca-

297 2888 427 2954 pellanum
444 2893 561 2937 nostrum
578 2887 731 2938 &mensem
749 2889 902 2939 canonicum
920 2891 946 2941 in
964 2889 1050 2942 Suetie
1068 2899 1094 2941 et
1116 2891 1193 2940 Dede
1222 2893 1306 2954 regnis
1327 2890 1491 2941 collectorem

298 2974 396 3024 decime
414 2988 430 3022 a
447 2973 507 3022 sede
524 2972 669 3036 apostolica
687 2974 837 3038 deputatum
855 2974 946 3025 deferri
969 2976 1052 3041 possit
1077 2991 1122 3025 seu
1148 2975 1223 3034 mitti,
1253 2976 1285 3024 ad
1315 2975 1383 3037 quod
1409 2975 1490 3023 eidem

298 3059 432 3125 capellano
451 3056 583 3116 auxilium,
602 3064 628 3107 et
644 3057 780 3107 consilinm
798 3067 923 3122 quantum
940 3062 967 3110 in
983 3061 1057 3110 uobis
1072 3059 1149 3110 luerit
1167 3075 1214 3110 uos
1228 3059 1346 3109 uolumus
1359 3058 1489 3124 impertiri.

297 3145 389 3196 Preces
407 3150 501 3205 autern,
512 3149 539 3192 et
556 3149 704 3208 preceptum
721 3152 838 3195 nostrum
854 3146 891 3195 sic
909 3146 1033 3196 studeatis
1046 3145 1163 3205 sollicite,
1174 3145 1322 3195 acfldcliter
1340 3144 1487 3208 adimplere,

299 3231 367 3296 quod
397 3230 510 3280 eiusdem
535 3227 640 3291 subsidij
667 3228 824 3279 exhibitione
850 3232 934 3294 operis
960 3229 1101 3279 laudabiles
1129 3229 1329 3294 comprobemini
1354 3228 1489 3278 zelatores.

298 3313 401 3379 Nosque
418 3313 525 3378 proinde
543 3313 686 3364 deuotionis
703 3319 788 3363 cestre
806 3315 977 3365 sinceritatem
994 3316 1078 3379 dignis
1096 3316 1122 3364 iu
1146 3316 1249 3365 domino
1275 3313 1392 3364 laudibus
1420 3329 1490 3363 com-

300 3401 455 3451 mendemus.
491 3398 588 3446 Datum
605 3397 686 3448 Rama
709 3399 778 3457 apud
804 3409 921 3449 sanctum
946 3398 1051 3449 Petrum
1072 3399 1132 3462 aiij.
1157 3400 1214 3449 idus
1235 3398 1306 3461 Juuij
1327 3397 1491 3463 pontificatus

301 3486 383 3536 nostri
401 3499 469 3534 anno
488 3483 608 3533 secundo.

650 3563 1136 3617 UQWUQMAEMMMMQ

706 3793 754 3850 14.
800 3791 890 3852 1279.
933 3793 990 3852 'lde
1011 3792 1093 3850 Juui.

366 3906 490 3958 Nicolans
509 3906 643 3971 episcopus
660 3920 725 3957 seru.
745 3921 841 3958 semor.
861 3909 902 3958 dei
920 3909 1050 3959 carissimo
1068 3911 1095 3959 in
1110 3909 1213 3960 Christo
1228 3909 1282 3958 tilio
1295 3945 1301 3957 .
1316 3945 1321 3956 .
1335 3908 1389 3972 regi
1404 3907 1491 3957 Suetie

297 3993 393 4057 jllustri
411 3993 522 4042 salutem
539 3999 565 4042 et
582 3992 692 4057 apostol.
712 3993 836 4044 benedict.
873 3993 900 4044 Si
919 3996 1104 4058 circumspecta
1122 3995 1239 4044 culminis
1257 3993 1351 4058 regalis
1369 3993 1493 4042 industria

300 4086 367 4129 recte
386 4078 529 4129 consideret
550 4083 673 4141 quantum
691 4077 924 4143 apostoliuasedes
942 4080 1010 4129 circa
1034 4081 1167 4143 nogotium
1193 4087 1259 4128 terre
1289 4065 1386 4131 sancte,
1416 4093 1492 4140 quam

301 4165 462 4214 inimicorum
481 4161 526 4225 filij
549 4163 590 4212 dei
607 4164 660 4213 uiui
678 4163 774 4214 domiui
791 4165 912 4214 uidelicet
936 4161 996 4214 lesu
1022 4163 1126 4225 Ohnsti,
1152 4166 1194 4228 qui
1218 4179 1263 4228 pro
1287 4164 1369 4214 salute
1387 4163 1491 4213 humani

302 4251 399 4314 generis
417 4249 445 4298 in
463 4261 494 4297 ea
510 4249 582 4298 nasci
599 4249 690 4311 uoluit,
708 4255 735 4299 et
751 4251 833 4300 crucis
851 4249 937 4299 subire
955 4257 1109 4300 tormentum
1127 4238 1229 4300 funesta
1247 4249 1404 4313 presumptio
1418 4263 1493 4296 occu-

301 4335 373 4399 pauit
390 4350 405 4385 a
423 4333 510 4396 noxijs
527 4334 741 4384 sollicitudinibus
759 4334 890 4396 laborarit,
908 4341 935 4384 et
954 4336 986 4385 ad
1003 4335 1067 4384 illud
1084 4334 1281 4398 cooperantibus
1308 4334 1355 4383 sibi
1380 4333 1493 4382 ddeliurn

302 4420 393 4484 studijs
412 4419 586 4469 indesinenter
603 4420 705 4484 aspiret,
723 4426 751 4470 tu
768 4417 885 4486 profecto
904 4419 972 4469 circa
989 4435 1020 4469 ea
1037 4435 1086 4483 que
1102 4418 1289 4484 promotionem
1306 4416 1491 4481 ipsiusnegotij

302 4511 477 4568 procurarent,
493 4511 538 4554 tua
559 4512 663 4555 uacaret
681 4505 789 4555 intentio
808 4506 912 4568 eiusque
930 4506 1091 4572 detrimenta,
1110 4514 1228 4568 tanquam
1249 4503 1390 4553 membrum
1408 4500 1493 4550 nobile

303 4591 459 4654 uepriuceps
469 4588 612 4640 catholicus
624 4592 740 4640 euitures.
759 4592 804 4640 sed
823 4591 888 4640 sicut
906 4605 958 4640 non
977 4591 1030 4640 sine
1048 4589 1206 4639 uehementis
1224 4589 1397 4638 admirationis
1414 4598 1494 4636 causa

303 4689 383 4740 nuper
399 4675 544 4739 accepimus
563 4675 594 4725 ds
611 4675 720 4741 pecunia
737 4677 842 4739 decime,
861 4677 953 4740 quein
973 4683 1017 4724 tuo
1035 4688 1114 4738 regno
1133 4674 1165 4723 ad
1184 4688 1248 4738 opus
1265 4675 1344 4737 ipsius
1362 4680 1428 4721 terne
1440 4672 1492 4721 col-

302 4759 369 4810 lecta
390 4774 445 4809 esse
464 4759 610 4821 dinoscitur,
629 4762 756 4824 quandam
774 4763 943 4824 quantitatem
961 4759 1059 4824 argenti
1077 4759 1125 4810 sub
1147 4759 1292 4808 uelamento
1319 4756 1493 4806 neccessitatis

303 4844 416 4908 urgentis
433 4845 552 4909 recepisti
569 4852 641 4896 motu
659 4845 761 4910 proprie
778 4845 929 4906 uoluntatis,
948 4846 1016 4909 qued
1034 4846 1119 4908 utique
1137 4856 1190 4893 non
1208 4843 1294 4894 decuit
1306 4842 1402 4905 regiam
1414 4840 1494 4903 maje-

1230 4912 1293 4973 10*
