3584 5625
790 478 845 537 111

224 662 279 722 sol.
301 673 330 723 et
351 662 398 724 .ix.
418 665 483 724 den.
506 682 595 741 gross.
619 664 840 724 Turonensium.
863 664 1057 741 computando
1084 659 1240 739 quemlibet
1266 659 1407 736 Regelem

225 784 279 841 pro
302 783 358 824 .xv.
379 784 470 843 gross.
493 766 718 825 Turonensibus.

309 867 384 925 Item
405 868 551 945 assigneui
573 868 609 926 de
629 868 737 927 eisdem
758 867 861 944 legatis
883 896 922 905 -
947 867 992 942 .iij.
1012 868 1111 926 floren.
1132 883 1239 942 paruos
1258 862 1322 923 auri
1354 882 1407 939 per

224 986 272 1027 me
293 978 434 1045 receptos.

309 1070 382 1129 Item
405 1070 508 1140 [cadon
537 1064 589 1141 die]
617 1070 762 1147 essignaui
785 1090 838 1148 ego
867 1071 974 1131 Petrus
996 1068 1130 1146 Geruasij
1151 1068 1227 1128 sedis
1248 1065 1407 1144 apostolice

224 1170 348 1231 nuncius
370 1172 516 1248 predictus
538 1172 574 1230 de
596 1172 700 1232 debitis
721 1193 773 1233 seu
791 1173 920 1249 pecnnijs
941 1183 1043 1232 mutuo
1063 1170 1175 1231 traditis
1208 1189 1260 1247 per
1291 1168 1407 1241 fratrem

224 1272 389 1331 Jobennem
411 1273 447 1330 de
469 1273 578 1334 Serone
595 1282 629 1332 et
649 1274 817 1351 magistrum
839 1276 1020 1334 Bernardum
1041 1274 1077 1332 de
1099 1272 1210 1334 Ortulis
1236 1269 1349 1347 pridem
1380 1268 1409 1326 in

225 1373 363 1449 predictis
384 1374 501 1450 Regnis,
525 1374 630 1435 Suecie
662 1386 691 1433 et
720 1376 878 1452 Norwegie
911 1377 1069 1453 apostolice
1101 1374 1176 1434 sedis
1207 1372 1328 1432 nuncios
1357 1391 1410 1448 per

226 1493 272 1533 me
292 1476 471 1552 recuperetis
496 1504 529 1514 -
556 1496 690 1535 ccxxxv.
710 1479 836 1554 Regeles
858 1481 930 1536 auri.
952 1487 1062 1555 emptos
1085 1497 1137 1553 pro
1159 1475 1235 1551 aiiij.
1255 1474 1318 1532 libr.
1347 1472 1407 1547 xiij.

225 1576 278 1634 sol.
301 1585 330 1634 et
351 1576 398 1637 .ix.
417 1578 481 1639 den.
503 1597 594 1655 gross.
617 1580 838 1638 Turonensium.
868 1579 1062 1658 computando
1091 1577 1248 1654 quemlibet
1267 1575 1407 1653 Regelem

225 1696 279 1754 pro
302 1696 357 1736 .xv.
379 1697 470 1756 gross.
492 1681 717 1740 Turonensibus.

309 1780 384 1839 Item
407 1781 553 1857 assigneui
575 1782 610 1841 de
633 1783 716 1841 dictis
738 1782 900 1842 debitis-
925 1781 951 1857 .j.
973 1801 1061 1840 marc.
1091 1801 1156 1840 cum
1186 1780 1304 1839 dimidiu
1334 1778 1405 1838 anri.

226 1891 338 1959 emptas
360 1902 412 1960 pro
437 1881 507 1957 .iiijl'
520 1882 584 1942 libr.
607 1894 635 1942 et
657 1883 682 1959 .j.
705 1884 755 1943 sol.
778 1903 868 1960 gross.
891 1884 1113 1945 Turonensium.
1160 1937 1165 1960 ,

312 1984 385 2042 Item
397 1981 551 2060 'assignaui
574 1985 610 2042 de
632 1986 739 2044 eisdem
761 1987 864 2045 debitis
887 1978 952 2064 [pro
976 1991 1002 2061 j.
1035 2005 1104 2045 rona
1135 1995 1258 2061 arpeotca
1286 2005 1338 2061 per
1370 2004 1410 2042 mc

226 2097 331 2164 recepto
351 2090 379 2145 in
401 2088 476 2145 dictu
497 2086 589 2161 Reque
612 2087 700 2147 Dacr'e
726 2109 779 2165 pro
802 2109 877 2147 ‚aaa
893 2091 991 2164 floren.
1014 2091 1075 2147 oon
1095 2099 1118 2147 ct
1137 2089 1246 2146 uendite
1262 2097 1358 2164 posteo
1379 2088 1408 2144 io

228 2192 301 2249 cordo
322 2190 447 2247 Romano
467 2184 566 2264 precio]
589 2191 674 2265 .xxvj.
693 2193 791 2251 floren.
813 2193 884 2251 euri.

311 2294 385 2353 Item
407 2292 509 2362 [eudem
530 2286 582 2366 die]
605 2295 750 2371 assignoui
773 2313 827 2371 ego
853 2296 958 2353 Petrus
981 2292 1125 2370 Geruasij.
1155 2290 1313 2369 apostolice
1333 2289 1510 2350 sedissemus.

227 2398 349 2458 nuncius
370 2397 552 2474 supradictus
574 2396 609 2454 do
631 2394 760 2473 pecunijs
780 2397 904 2474 receptis
925 2416 978 2473 per
999 2416 1044 2454 me
1066 2396 1182 2455 racione
1213 2394 1322 2452 decime
1343 2411 1408 2452 sex·

227 2498 340 2558 annalis
359 2499 389 2558 in
410 2498 530 2576 Regnis‚
550 2497 653 2571 Decio,
676 2497 788 2572 Suecie‚
811 2497 905 2558 Gocie
925 2508 954 2555 et
975 2499 1131 2575 Norwegie
1152 2494 1325 2573 supradictis
1350 2522 1387 2531 -

582 2606 622 2658 .v⁰.
643 2599 772 2675 lxxxviij.
794 2600 892 2658 floren.
915 2601 977 2658 auri

580 2701 636 2777 dvj.
659 2702 722 2760 den.
744 2702 807 2761 auri
831 2703 984 2762 demessa

581 2802 639 2879 .xij.
660 2804 763 2880 Agnos
785 2805 848 2864 auri
870 2833 906 2844 -
980 2842 982 2847 .

580 2905 617 2980 .ij.
640 2925 727 2966 marc.
750 2927 816 2966 cum
838 2906 955 2965 dimidio
976 2906 1029 2965 sol.
1050 2906 1113 2965 auri
1135 2907 1164 2965 in
1185 2903 1411 2965 massaindicto

580 3031 651 3071 auro
672 3011 770 3088 pixide
793 3017 974 3087 computatos
996 3027 1048 3084 per
1068 3027 1114 3066 me
1135 3017 1276 3085 receptos.

312 3112 387 3169 Item
409 3111 555 3188 assigneui
577 3113 612 3171 de
634 3114 735 3171 eedem
756 3112 867 3171 decime
892 3139 927 3149 -
953 3111 999 3187 .ij¹¹.¹
1017 3111 1092 3170 ccxl.
1114 3112 1212 3170 floren.
1235 3110 1306 3169 auri.
1328 3127 1407 3184 emp·
1514 3106 1516 3111 ’

229 3218 273 3271 tos
294 3230 348 3289 pro
370 3231 443 3271 cxv.
465 3214 527 3273 libr.
548 3212 576 3291 ij.
599 3215 651 3275 sol.
673 3224 702 3274 et
723 3214 758 3291 .ij.
782 3192 855 3273 den.¹
869 3212 1199 3290 grossTuronensium
1222 3231 1257 3271 ac
1279 3211 1315 3288 .ij.
1338 3218 1410 3269 ster·

229 3312 322 3390 lingis.
343 3316 537 3392 computando
559 3317 715 3393 quemlibet
735 3317 884 3378 florenum,
896 3335 949 3392 pro
971 3314 1027 3391 .xij.
1049 3333 1140 3391 gross.
1172 3315 1283 3373 Turon.
1320 3320 1350 3371 et
1385 3310 1412 3386 .j.

231 3414 375 3492 sterlingo.

317 3823 391 3881 Item
412 3826 508 3902 recepi
530 3825 595 3902 Ego
614 3826 720 3885 Petrus
742 3824 877 3901 Geruasij
898 3824 1055 3900 apostolice
1075 3822 1151 3882 sedis
1173 3819 1295 3880 nuncius
1308 3838 1410 3897 supra·
1424 3833 1505 3874 tore..

235 3921 327 3984 dictus
347 3924 458 3987 litteras
479 3926 674 4004 infrascriptae
696 3937 824 3986 tenorem
845 3927 895 4004 qui
917 3927 1047 4004 sequitur
1069 3924 1256 3984 continentes.

317 4027 466 4088 Johannes
488 4026 640 4106 episcopus
661 4048 763 4088 seruus
784 4050 934 4089 seruorum
957 4029 1011 4101 dei,
1033 4028 1149 4087 Dilecto
1165 4025 1224 4083 filio
1235 4025 1324 4083 Petro
1337 4023 1412 4085 Ger·

235 4127 304 4204 uasij
327 4129 467 4189 canonico
490 4130 610 4190 ecclesie
630 4131 722 4191 sancti
744 4131 848 4208 Euodij
861 4131 1026 4191 Aniciensis
1039 4129 1197 4209 apostolice
1209 4128 1284 4188 sedis
1296 4128 1412 4202 nuncio,

235 4228 362 4290 Salutem
386 4241 414 4289 et
435 4233 625 4310 apostolicam
647 4233 888 4293 benediccionem.
945 4233 1020 4294 (lum
1046 4242 1075 4291 te
1108 4232 1144 4290 de
1173 4231 1255 4290 cuius
1290 4230 1413 4290 circum·

234 4332 380 4408 spectione
402 4343 431 4392 et
449 4334 591 4393 industria
611 4335 727 4411 plenam
748 4335 776 4394 in
800 4337 857 4395 d'rio
875 4337 1011 4396 fiduciam
1027 4333 1153 4412 gerimus
1164 4334 1201 4391 ad
1213 4340 1312 4410 partes
1322 4330 1416 4408 Regni

233 4431 324 4494 Decio
345 4455 399 4511 pro
421 4434 593 4512 quibusdam
614 4437 718 4496 nostris
741 4446 769 4495 et
790 4440 912 4498 ecclesie
933 4440 1064 4498 Romane
1085 4435 1213 4513 negocijs
1240 4433 1415 4493 destinemus

233 4555 284 4595 nos
306 4538 436 4595 uolentes
457 4537 509 4595 tibi
530 4547 647 4615 propter
669 4541 723 4598 hoc
746 4540 781 4598 de
803 4540 972 4617 necessarijs
994 4539 1156 4616 prouidere,
1167 4556 1256 4596 vuum
1269 4538 1413 4596 florenum

234 4646 262 4695 et
280 4638 430 4696 dimidium
451 4640 514 4697 auri
536 4625 757 4717 pro'stipendijs
779 4651 807 4701 et
826 4641 993 4718 necessarijs
1014 4636 1090 4713 [tuis]
1111 4650 1139 4698 et
1151 4639 1334 4698 familiarium
1345 4649 1415 4697 tuo·

234 4756 296 4797 rum
316 4761 370 4817 per
391 4750 419 4798 te
441 4741 543 4800 diebus
564 4741 683 4818 singulis
695 4743 799 4820 quibus
811 4745 840 4802 in
852 4743 1059 4822 prosecucione
1072 4742 1214 4801 dictorum
1225 4741 1413 4818 negociorum

235 4838 318 4901 tueris
340 4841 539 4920 percipiendos
562 4845 597 4902 de
619 4845 805 4922 prouentibus
834 4845 988 4908 cameram
1021 4852 1148 4904 nostram
1181 4842 1413 4921 contingentibus
1519 4894 1522 4899 .
