3584 5625
926 474 982 530 ¹20

442 660 521 716 ltem.
543 658 589 715 die
613 658 699 733 .xxiij.
722 659 800 730 Maij.
823 660 888 717 ueni
919 660 1018 720 Scaris
1051 671 1079 717 ct
1112 662 1176 718 dedi
1211 662 1380 720 ductoribus
1415 662 1465 737 qui
1499 680 1546 718 me

356 761 558 817 conduxerunt
587 788 618 795 -
645 760 730 835 .xviij.
753 781 843 836 grass.
866 761 1061 820 Turonenses.

441 862 512 918 Item
535 862 599 917 dedi
623 861 734 919 duobus
757 863 922 921 cursoribus
944 863 991 920 dni
1013 862 1150 938 Episcopi
1164 863 1383 939 Strengenensis
1404 864 1455 940 qui
1478 884 1547 940 pro-

357 972 532 1019 curauerunt
556 963 623 1019 mihi
646 964 836 1021 conductores
860 992 898 1000 -
923 963 948 1037 .j.
971 984 1058 1020 marc.
1079 964 1143 1020 den.
1168 965 1340 1023 Sueuorum.

440 1062 513 1120 Item
536 1064 602 1121 dedi
623 1063 731 1121 famulo
753 1064 802 1121 dni
825 1064 973 1124 Scarensis
995 1065 1044 1140 qui
1077 1084 1123 1122 me
1156 1065 1239 1122 duxit
1271 1065 1432 1123 Ludosium
1458 1093 1491 1103 -
1517 1066 1546 1141 .j.

356 1181 445 1220 marc.
468 1164 532 1221 den.
555 1162 742 1225 Sueuorum¹.
1423 1167 1427 1180 '

269 1276 356 1317 mars.
442 1264 515 1321 Item
538 1266 611 1323 solui
634 1286 687 1341 pro
708 1266 801 1324 saccis
822 1266 857 1322 de
880 1266 986 1325 eboreo
1007 1287 1072 1325 cum
1102 1269 1208 1343 quibus
1240 1267 1381 1341 Magister
1414 1267 1546 1326 Thomas

357 1363 485 1438 portauit
513 1367 651 1442 pecunias
686 1378 714 1424 et
746 1376 896 1442 argentum
930 1368 966 1424 de
999 1368 1122 1444 Vpsalia
1154 1368 1310 1427 Ludosiam
1333 1395 1373 1405 -
1392 1367 1543 1426 dimidiam

357 1483 484 1522 marcam
507 1466 570 1524 den.
594 1467 765 1526 Sueuorum.

442 1567 512 1624 ltem
535 1568 616 1642 ,νὶῇϊΙ
630 1569 675 1626 die
696 1569 786 1644 Junij.
808 1569 848 1627 iui
876 1588 978 1628 uersus
1008 1569 1162 1628 Lindholm
1195 1570 1232 1626 ud
1265 1570 1334 1626 dfim
1367 1570 1489 1644 Regem·
1515 1580 1544 1628 et

356 1678 476 1725 matrem
499 1688 580 1726 suam
603 1670 719 1744 quando
740 1671 825 1728 debui
847 1672 954 1728 intrare
976 1672 1163 1746 Norwegiam
1185 1682 1214 1728 et
1236 1670 1301 1729 dedi
1330 1690 1383 1747 pro
1409 1671 1480 1729 naui
1507 1698 1538 1708 -

357 1766 503 1826 dimidiam
526 1758 653 1828 marcam
676 1772 740 1830 den.
764 1771 926 1832 Sueuorum
949 1782 979 1832 et
1000 1793 1142 1849 expensas
1161 1772 1390 1848 Remigantibus.

440 1869 514 1926 Item
535 1872 684 1930 redeundo
706 1873 864 1933 Ludosiam
887 1902 926 1911 -
950 1874 1097 1932 dimidiam
1129 1893 1255 1933 marcam
1288 1874 1353 1931 den.
1377 1872 1543 1934 Suanorum

357 1980 386 2028 et
408 1990 549 2046 expensas
571 1972 799 2048 Remigantibus

440 2072 514 2130 Item
537 2074 603 2132 dedi
625 2075 732 2133 famulo
754 2076 804 2152 qui
827 2076 895 2133 mihi
917 2076 1044 2151 portauit
1065 2076 1174 2134 litteras
1196 2077 1245 2133 dni
1269 2076 1359 2151 Regis
1381 2076 1417 2133 de
1439 2095 1545 2135 securo

357 2174 502 2232 conductu
524 2185 552 2232 et
574 2196 726 2251 processus
740 2158 820 2254 ‘quos
842 2178 879 2233 ad
901 2177 1089 2252 Norwegiam
1112 2178 1243 2236 miseram
1277 2197 1329 2253 pro
1361 2177 1545 2235 uestimentis

349 2276 438 2359 lineis
461 2278 689 2340 etsecularibus
711 2307 751 2316 -
773 2277 798 2351 .j
821 2297 909 2335 marc.
930 2279 993 2336 den.
1016 2279 1187 2338 Sueuorum.

440 2372 529 2435 ²Item
552 2378 617 2435 dedi
639 2379 718 2437 fratri
739 2380 858 2438 Matheo
879 2380 973 2437 Priori
1002 2380 1221 2438 Predicatorum
1243 2378 1470 2437 Wisbioensium
1492 2380 1547 2455 qui
1613 2443 1618 2448 ,

357 2480 456 2538 debuit
477 2490 592 2555 portare
614 2481 723 2540 litteras
745 2483 802 2539 diro
825 2492 922 2539 nostro
944 2501 1019 2557 pape
1042 2491 1070 2538 et
1092 2480 1150 2537 dno
1172 2480 1331 2538 camerario
1359 2481 1547 2539 continentes

356 2579 531 2639 relacionem
552 2584 738 2658 negociorum
760 2602 816 2658 que
838 2601 983 2658 gesseram
1005 2583 1033 2640 in
1055 2583 1159 2657 Regno
1181 2581 1286 2641 Suecie
1313 2600 1403 2640 vnum
1433 2602 1548 2659 equum

283 2723 285 2728 <
356 2681 526 2739 valoris-
550 2702 587 2740 .x.
611 2702 699 2741 marc.
722 2684 786 2741 den.
810 2686 981 2744 Suanorum.
1048 2675 1055 2689 ’

440 2783 515 2841 Item
537 2785 605 2843 dedi
625 2786 717 2844 eidem
744 2814 777 2822 —
801 2785 838 2861 ‚ij.
861 2785 961 2845 floren.
985 2786 1047 2842 auri
1070 2804 1122 2860 pro
1144 2783 1278 2861 expensis
1299 2784 1367 2844 suis.

440 2884 514 2943 Item
534 2887 614 2960 xiiijr
630 2887 675 2944 die
696 2887 786 2962 Junij.
807 2889 904 2946 remisi
936 2907 1026 2964 equos
1052 2906 1131 2945 meos
1164 2888 1192 2944 in
1224 2885 1348 2943 Daciam
1380 2895 1409 2943 et
1442 2905 1549 2946 omnes

357 2986 468 3062 perdidi
491 3006 547 3044 vno
570 2998 691 3064 excepto
714 2989 784 3064 quia
805 2990 933 3064 oportuit
954 3009 999 3046 me
1021 2989 1061 3045 ire
1093 2987 1259 3063 nauigando
1289 2987 1319 3043 in
1352 2987 1548 3062 Norwegiam

356 3096 385 3144 et
407 3107 463 3144 non
484 3090 563 3163 potui
587 3091 711 3146 uendere
734 3109 824 3164 equos
844 3110 922 3148 meos
945 3100 972 3146 et
992 3089 1118 3146 conduxi
1137 3109 1241 3147 nauem
1254 3089 1385 3165 usquein
1399 3087 1548 3165 Osloyam

356 3208 409 3264 pro
431 3217 471 3227 -
494 3190 550 3264 iiij.
573 3191 624 3248 sol.
647 3210 737 3266 gross.
760 3191 983 3249 Turonensium.

440 3292 514 3349 Item
536 3292 611 3350 solui
633 3313 685 3368 pro
707 3292 840 3368 expensis
862 3301 948 3349 naute
971 3304 1000 3348 et
1020 3291 1192 3349 famulorum
1214 3310 1332 3350 suorum
1354 3299 1383 3348 et
1410 3310 1464 3366 pro
1486 3311 1550 3351 vno

356 3394 498 3468 armigero
521 3393 570 3450 dni
592 3394 680 3469 Regis
702 3395 752 3469 qui
774 3414 819 3450 me
847 3390 913 3453 cum
946 3403 1070 3469 quatuor
1103 3391 1217 3452 famulis
1249 3393 1309 3451 suis
1341 3393 1551 3453 conducebant

357 3513 408 3569 per
439 3493 518 3551 illam
550 3495 626 3551 viam
659 3496 793 3554 videlicet
826 3496 862 3552 de
890 3494 1019 3552 Ludosia
1053 3513 1143 3568 usque
1176 3494 1316 3569 Osloyam
1341 3521 1377 3530 -
1401 3493 1470 3569 xiij.
1491 3495 1549 3554 sol,

357 3614 447 3668 gross.
471 3595 692 3655 Turonensium.

440 3697 512 3754 Item
535 3698 600 3756 dedi
623 3698 700 3756 dicto
722 3698 865 3772 armigero
888 3697 1056 3755 conductori
1079 3716 1144 3754 meo
1170 3724 1201 3734 -
1227 3695 1277 3770 iij.
1299 3696 1399 3754 floren.
1420 3694 1493 3753 auri.
1516 3704 1550 3753 et

355 3798 463 3856 furnulo
485 3817 538 3856 suo
563 3827 596 3836 -
624 3818 680 3857 .xv.
703 3818 794 3874 gross.
817 3792 1027 3856 Turonenses³.

258 3921 341 3962 mas...
441 3903 512 3958 ltem
535 3901 600 3977 .xxj.
624 3902 669 3958 die
690 3901 779 3975 Junij.
802 3900 865 3956 misi
887 3919 974 3955 voum
997 3900 1134 3958 nuncium
1156 3899 1214 3955 dno
1248 3900 1385 3974 episcopo
1417 3899 1548 3959 Hamar·

356 4004 416 4061 ensi
439 4003 485 4060 cui
507 4003 607 4078 scripsi
630 4013 661 4058 vt
681 4003 793 4059 veniret
815 4012 846 4057 ut
870 4002 935 4057 mihi
958 4002 1132 4077 significaret
1152 4000 1248 4057 locum
1270 4001 1320 4057 ubi
1353 4020 1469 4076 possem
1491 4001 1549 4061 sibi

356 4124 508 4163 occurrere
530 4125 582 4180 pro
604 4104 790 4179 expedicione
813 4104 998 4178 negociorum
1022 4111 1050 4158 ct
1071 4103 1137 4159 dodi
1164 4101 1242 4159 dicto
1270 4102 1376 4160 nuncio
1409 4130 1435 4139 —
1464 4101 1547 4178 ‚xiiij.

356 4207 518 4281 sterlingos.

392 4486 401 4516 ι
419 4492 445 4540 H
472 4498 489 4539 t·
523 4484 587 4554 [ap]
603 4490 708 4541 summa
725 4489 801 4538 huius
820 4452 1011 4576 ljagimpui'iij.
1031 4454 1077 4501 sol.
1097 4460 1123 4501 ct
1138 4468 1168 4500 .v.
1183 4453 1239 4501 den.
1253 4467 1334 4514 grass.
1347 4451 1547 4532 Turonensium,

446 4529 452 4540 ’
939 4537 990 4584 mJ.
1009 4536 1087 4570 marc.
1106 4522 1163 4570 den.
1182 4528 1282 4569 monete
1301 4520 1418 4570 Suemce.

391 4604 559 4671 ²1Margen
578 4625 606 4658 cr
623 4608 668 4655 her
686 4609 741 4657 med
761 4623 792 4656 eu
811 4610 893 4656 auden
912 4607 1004 4655 Haand
1024 4605 1134 4667 tilfajot:
1154 4599 1287 4667 „attende.“

941 4692 993 4754 .xij.
1012 4705 1090 4739 marc.
1109 4705 1166 4738 cum
1185 4688 1288 4737 dimidia
1306 4693 1408 4738 moneto
1426 4686 1547 4739 Sueuice.

392 4755 452 4810 3Η.
471 4769 488 4810 t.
522 4757 584 4826 [up]
604 4760 710 4812 Summa
726 4761 802 4810 huius
820 4702 931 4857 pagine{
941 4759 1008 4876 aiiijii
1025 4759 1070 4808 sol.
1091 4766 1117 4806 et
1135 4756 1548 4838 .iij.den.gross.'1‘uronensium.

941 4844 971 4876 .v.
1009 4841 1078 4876 oren.
1097 4840 1159 4874 aun.
