3584 5625
865 517 923 581 169

663 708 711 767 51.
757 709 845 769 1326.
896 708 973 767 13de
994 707 1121 784 August.

367 822 500 875 Joheunes
518 823 651 889 episcopus
670 840 690 873 s.
709 839 729 873 s.
749 822 788 874 dci
807 823 906 874 dilectis
923 822 984 887 dlijs
1002 822 1115 875 Johenni
1142 823 1173 874 ds
1199 822 1296 876 Serene
1321 824 1400 889 priori
1428 838 1488 876 con·

298 918 390 959 uentus
408 907 517 960 fratrum
534 908 629 960 ordinis
647 908 834 974 predicatorum
860 908 891 957 de
916 908 1024 973 Figiaco
1051 907 1213 960 caturcensis
1242 916 1269 960 st
1295 909 1427 961 Bernardo
1457 910 1488 959 de

299 992 396 1045 Ortolis
415 993 505 1045 rectori
524 993 629 1044 ecclesie
648 994 679 1043 de
696 991 838 1044 Noualibus
855 992 999 1043 Electensis
1012 992 1150 1044 diocesium
1160 993 1301 1057 apostolice
1314 994 1381 1044 sedis
1391 993 1488 1058 nuutijs

299 1078 452 1130 salutemet
477 1077 646 1146 apostolicam
671 1078 883 1131 benedictionem.
927 1078 968 1128 De
994 1086 1079 1128 uestro
1105 1078 1338 1141 circumspectionis
1364 1080 1488 1149 industria

298 1163 400 1227 plenam
418 1163 444 1214 iu
462 1161 565 1216 domino
582 1163 701 1213 fiduciam
719 1162 869 1224 obtinentes,
886 1161 997 1229 petendi,
1006 1162 1157 1232 colligendi²
1172 1162 1291 1228 exigendi
1308 1171 1335 1215 et
1352 1149 1488 1230 recipiendi

298 1237 433 1315 pecuniam
452 1249 549 1299 decime
567 1248 712 1299 sexenualis
731 1246 928 1312 olimimposite
944 1262 996 1312 -per
1021 1246 1103 1299 felicis
1129 1248 1312 1300 recordationis
1329 1247 1489 1300 Clementem

299 1348 393 1399 papam
412 1348 442 1383 ‚u
461 1334 666 1400 predecessorem
684 1340 800 1384 nostrum
817 1333 842 1382 in
860 1333 967 1384 consilio
984 1331 1125 1384 Viennensi
1137 1347 1183 1398 pro
1196 1333 1309 1386 subsidio
1322 1341 1388 1384 terre
1400 1340 1489 1384 sancte

300 1424 326 1467 et
343 1417 407 1468 alias
425 1424 515 1486 contra
533 1418 684 1469 rebellesct
701 1418 816 1468 inimicos
835 1417 960 1469 catholice
978 1416 1037 1467 fidei
1064 1418 1305 1479 conuertendam,a
1331 1419 1437 1484 prelatis
1463 1425 1490 1469 et

300 1502 419 1569 capitulis
437 1503 603 1555 ecclesiarum
620 1502 805 1554 cathedralium
827 1502 961 1567 Norweye,
987 1501 1084 1572 Suecie
1112 1516 1144 1552 ac
1170 1500 1250 1554 Gocie
1279 1518 1424 1568 regnorum,
1443 1519 1490 1565 nec

300 1602 353 1639 non
371 1595 396 1638 et
413 1587 445 1638 ab
463 1588 525 1655 ipsis
543 1604 574 1639 ac
591 1588 724 1654 quibusuia
741 1586 798 1652 alijs
817 1587 931 1653 personis
949 1585 1128 1638 ecclesiasticis
1150 1586 1252 1639 residua
1268 1586 1335 1644 diets
1353 1589 1450 1640 decime
1468 1588 1490 1639 si

301 1688 351 1738 qua
368 1680 494 1724 restarent
509 1671 604 1726 ibidem
621 1673 729 1725 forsitan
747 1673 892 1739 colligenda
909 1686 955 1738 per
971 1670 1035 1723 alias
1054 1678 1154 1724 cosmas
1180 1673 1243 1723 certi
1268 1672 1366 1725 tenoris
1392 1673 1490 1726 litteras

301 1756 374 1808 uobis
392 1763 418 1807 et
434 1765 549 1809 uestrum
566 1757 670 1810 cuilibet
687 1758 823 1810 insolidum
847 1756 1020 1808 concessimus
1046 1756 1203 1808 facultatem.
1250 1755 1375 1809 Veientes
1404 1759 1490 1823 itaque

301 1842 459 1909 prelatorum
477 1849 503 1893 et
520 1857 686 1909 personarum
703 1842 933 1893 ecclesiasticarum
945 1857 1081 1907 regnorum
1093 1843 1266 1907 predictorum
1273 1857 1414 1907 precauere
1425 1844 1491 1910 peri·

302 1928 365 1980 culis
384 1935 411 1979 et
427 1928 570 1978 animarum
587 1928 721 1993 prouidere
740 1926 824 1977 saluti.
843 1926 878 1977 eis
897 1926 940 1991 qui
958 1927 1230 1980 excommunicationis
1247 1927 1412 1997 incurrissent
1429 1943 1490 1979 sen·

302 2013 396 2064 tentiae
413 2028 461 2077 pro
479 2027 510 2063 eo
528 2013 598 2077 quod
615 2012 709 2063 dictam
727 2011 851 2063 decimam
869 2011 973 2061 statutis
991 2013 1103 2063 terminis
1116 2028 1171 2076 ¹non
1188 2013 1327 2065 coluissent
1343 2013 1386 2064 uel
1404 2028 1492 2070 eorum

303 2092 409 2149 ecclesis
427 2105 453 2148 et
469 2099 527 2148 loca
544 2097 679 2149 interdicto
698 2096 871 2148 ecclesiastico
898 2104 1003 2161 propter
1024 2097 1074 2147 hoe
1096 2097 1257 2150 subiacerent
1282 2105 1343 2169 post¹
1366 2098 1492 2163 integram

303 2183 333 2233 dc
351 2182 421 2233 dicta
438 2182 537 2232 decima
554 2180 756 2232 satisfactionem
773 2182 915 2247 impensam
933 2182 964 2231 dc
981 2182 1151 2246 absolutionis
1162 2182 1286 2234 beneficio
1298 2182 1374 2234 iuxta
1384 2181 1493 2236 formam

304 2267 410 2318 ecclesie
428 2282 458 2317 ac
477 2266 642 2318 relaxationis
660 2267 745 2332 gratia
762 2267 914 2333 prouidendi
931 2269 1084 2318 auctoritate
1101 2273 1190 2317 nostra
1207 2282 1306 2319 necnon
1318 2282 1376 2318 cum
1387 2266 1438 2317 illis
1451 2268 1494 2332 qui
1566 2286 1570 2299 ·

304 2352 398 2404 eisdem
416 2351 490 2415 ligati
508 2352 642 2415 sententijs
660 2352 812 2402 celebrando
830 2352 918 2403 diuina
935 2352 977 2403 uel
994 2352 1160 2403 immiscendo
1178 2366 1205 2406 sc
1227 2352 1278 2404 illis
1295 2339 1493 2416 'irregularitatis

303 2436 432 2487 maculam
450 2435 557 2488 forsitan
576 2438 766 2487 contraxissent
783 2437 945 2502 dispensandi
964 2439 1118 2488 auctoritate
1133 2429 1248 2503 prs'dicta
1259 2445 1286 2488 et
1297 2439 1333 2489 eis
1345 2436 1495 2501 iniungendi

303 2529 410 2588 propter
426 2522 477 2571 hcc
494 2521 661 2587 penitentiam
678 2522 744 2572 sicut
761 2521 880 2587 expedire
904 2522 1031 2572 uideritis·
1048 2522 1196 2584 salutarem,
1222 2521 1296 2573 uobis
1326 2530 1352 2575 et
1378 2530 1493 2576 uestrum

305 2608 410 2658 cuilibet
426 2606 453 2656 in
471 2608 580 2658 solidum
598 2607 701 2672 plenam
719 2614 744 2657 et
760 2606 866 2657 liberam
884 2606 1046 2658 concedimus
1064 2614 1152 2658 tenore
1169 2608 1324 2672 presentium
1335 2605 1493 2662 facultatem.

303 2692 402 2744 Datum
420 2691 550 2744 Auinlone
569 2692 625 2743 idus
642 2692 755 2758 Augusti
765 2692 936 2756 pontificatus
954 2692 1036 2743 nostri
1054 2707 1120 2743 anno
1139 2692 1245 2744 decimo.

619 2775 682 2825 lircb.
700 2776 741 2816 Vct.
756 2777 802 2826 lies.
815 2777 867 2819 seer.
880 2776 917 2816 tob
939 2775 998 2817 xxti.
1011 2776 1058 2817 ibid.
1072 2787 1103 2828 ep.
1116 2773 1181 2823 atesi.

670 3004 718 3063 sa
765 3003 854 3062 mas.
903 2999 1127 3080 13deAugust.
1187 3050 1189 3054 .
1236 3014 1238 3018 ·

357 3097 506 3185 ¹lohannes
524 3121 658 3193 episcopus
677 3137 697 3171 s.
715 3137 735 3170 s.
754 3120 778 3169 d.
797 3118 896 3169 dilectis
909 3118 970 3182 filiis
984 3117 1096 3170 Johanni
1110 3120 1141 3170 de
1153 3117 1250 3171 Serene
1262 3119 1343 3184 priori
1354 3126 1494 3170 conuentus
1553 3180 1557 3186 ,

303 3203 411 3256 fratrum
429 3204 524 3255 ordinis
542 3206 731 3270 predicatorum
754 3208 785 3255 de
806 3203 915 3269 Figiaco
941 3203 1104 3255 Caturcensis
1131 3197 1157 3253 e't
1182 3204 1316 3255 Bernardo
1343 3205 1374 3254 de
1398 3202 1494 3256 Ortclis

304 3288 396 3339 rectori
415 3289 522 3340 ecclesie
541 3290 572 3339 de
589 3290 732 3341 Noualibus
745 3288 890 3347 Electcnsis
909 3289 1049 3339 diocesium
1066 3288 1206 3354 apostolice
1224 3291 1291 3340 sedis
1308 3286 1496 3356 nuucijssalu·

304 3380 355 3425 tem
374 3381 400 3424 et
418 3375 528 3439 apostol.
546 3376 670 3426 benedict.
718 3374 872 3437 Accepimus
902 3376 970 3439 quod
1000 3374 1116 3424 nonnulli
1136 3361 1189 3424 ¹riri
1216 3374 1336 3425 catholici
1358 3358 1496 3437 regnorum

303 3444 429 3524 Nor'we‘ye
447 3465 474 3508 et
491 3459 587 3510 Suscie
605 3470 631 3510 ct
649 3453 730 3512 Gcoie
748 3461 790 3524 qui
809 3467 898 3509 uotum
917 3460 948 3508 do
966 3459 1099 3511 uisitandis
1117 3459 1295 3523 apostolerum
1313 3459 1344 3510 de
1360 3457 1432 3509 Vrbs
1450 3473 1495 3508 seu

305 3545 388 3594 sancti
406 3541 498 3594 Jaccbi
515 3544 648 3596 liminibus
663 3561 708 3595 seu
724 3544 751 3594 in
776 3552 842 3595 terre
870 3553 958 3595 sancte
986 3544 1127 3595 subsidium
1156 3543 1344 3605 transfretando
1370 3543 1496 3594 ernississe

306 3630 425 3681 dicuntur
442 3629 600 3696 propriorum
616 3645 752 3696 corporum
764 3637 895 3680 senectute
907 3627 1032 3680 confracti
1044 3630 1085 3679 uel
1097 3629 1230 3680 incurabili
1241 3614 1388 3681 infirmitate
1400 3629 1496 3681 coacti

305 3714 482 3780 sacomplero
500 3724 629 3780 nequeunt
646 3715 713 3765 sicut
730 3723 828 3780 optant.
874 3712 929 3765 Nos
958 3722 1045 3765 autem
1070 3715 1212 3766 animarum
1229 3717 1344 3780 ipsorum
1360 3715 1496 3780 prouidere

306 3799 383 3849 saluti
400 3806 505 3865 paterne
523 3800 692 3850 solicitudinis
711 3801 795 3863 studio
814 3800 943 3864 cupientes
961 3808 987 3850 et
1005 3802 1037 3851 de
1054 3809 1139 3851 uestro
1165 3800 1398 3866 circumspectionis
1424 3800 1496 3865 indu-

305 3885 367 3935 stria
383 3885 486 3951 plenam
503 3884 531 3934 in
548 3885 790 3936 dominofiduciam
808 3884 959 3936 obtinentes.
977 3887 1136 3950 superactis
1154 3886 1300 3937 huiusmodi
1312 3900 1370 3936 cum
1380 3885 1496 3950 personis

305 3969 399 4020 talibus
418 3969 581 4036 dispensandi
599 3972 752 4021 auctoritate
771 3977 860 4021 nostra
877 3978 904 4020 et
920 3984 952 4020 ea
968 3970 995 4019 in
1012 3969 1065 4021 alia
1080 3971 1183 4038 pietatis
1202 3986 1281 4037 opera
1303 3971 1370 4021 sicut
1394 3969 1422 4018 in
1446 3969 1495 4019 deo

308 4051 427 4122 expedire
445 4054 560 4105 uideritis
579 4055 761 4118 commutandi,
779 4057 815 4105 sic
834 4064 919 4104 tamen
936 4055 1004 4117 quod
1022 4062 1123 4106 tantum
1140 4065 1247 4121 erogent
1269 4054 1383 4106 subsidio
1400 4067 1497 4104 merno-

308 4147 362 4190 rato
380 4138 424 4189 uel
440 4140 473 4189 ad
491 4139 708 4205 expugnationem
726 4140 896 4201 hereticorum
919 4148 945 4189 et
970 4140 1103 4191 rebellium
1129 4139 1241 4206 partium
1266 4139 1347 4192 Jtalie
1372 4146 1496 4202 quantum

310 4231 393 4275 essent
410 4222 432 4272 si
449 4231 511 4274 uota
528 4225 642 4289 predicta
660 4225 817 4290 complerent
833 4225 859 4275 in
882 4226 997 4289 personis
1023 4223 1133 4293 proprijs
1159 4224 1327 4276 communiter
1352 4223 1495 4289 expensum.

309 4307 389 4361 Vobis
408 4318 434 4360 et
450 4318 565 4360 uestrum
582 4310 686 4360 cuilibet
703 4311 840 4362 insolidum
864 4310 966 4375 plenam
988 4317 1014 4380 et
1031 4310 1138 4360 liberam
1155 4310 1316 4362 concedimus
1334 4316 1422 4379 tenore
1433 4296 1497 4372 ¹pre·

310 4386 421 4471 cencium
431 4392 588 4446 facultatem.
623 4394 855 4446 DatumAuinione
865 4394 1041 4468 idusftugusti
1050 4395 1212 4458 pontificatus
1221 4394 1302 4446 nostri
1310 4409 1379 4446 anno
1388 4394 1495 4444 decimo.

614 4476 685 4522 'theta
702 4479 743 4518 vu.
759 4479 803 4526 fleg.
818 4478 871 4520 Scor.
885 4478 927 4518 lob.
941 4478 1001 4519 xxti.
1014 4478 1062 4519 ibid.
1078 4471 1107 4530 ep.
1121 4477 1188 4523 2198).

677 4704 725 4763 53.
773 4705 861 4764 1326.
907 4704 984 4762 atde
1005 4704 1132 4781 August

374 4818 509 4872 Johannss
536 4821 669 4885 episeopus
695 4838 715 4870 s.
734 4837 754 4870 s.
774 4822 797 4869 d.
816 4819 956 4871 venerabili
979 4819 1052 4870 fratri
1076 4817 1320 4884 ..archiepiscopo
1337 4817 1497 4869 Nidrosiensi

295 4908 330 4950 et
350 4905 450 4956 dilectis
468 4905 526 4956 filiis
544 4906 669 4955 uniuersis
695 4906 837 4967 abbatibus,
855 4905 990 4970 prioribus,
1010 4906 1119 4967 decanis,
1137 4904 1282 4970 prepositis,
1300 4904 1427 4968 capitulis,
1444 4905 1497 4954 col·

1234 4973 1298 5033 ih*
