3584 5625
814 430 852 488 41

323 617 375 674 ixi
398 617 489 693 lxviij.
511 617 628 676 marche
655 615 712 691 .vij.
734 616 817 676 vncie
838 619 950 695 argentj
984 619 1021 677 ad
1054 617 1168 695 pondus
1196 620 1236 677 -de
1264 616 1425 679 Stccolmis.

238 718 339 776 valent
360 718 422 795 viije
443 719 502 795 lvij.
521 737 634 777 marcas
656 716 702 792 .vj.
723 717 823 777 vncias
844 720 913 778 xix.
942 719 1075 779 denarios
1096 719 1207 794 argenti
1240 720 1278 777 ad
1313 719 1427 795 pondus

238 823 446 882 Aninionensc.
469 819 589 896 singulis
611 818 734 876 marchis
757 819 792 877 de
826 820 981 880 Stocolmis
1013 841 1065 897 pro
1098 820 1154 896 .vij.
1190 819 1280 896 vncijs
1313 821 1427 879 duobus

240 924 364 983 denariis
386 924 424 982 ad
446 921 560 999 pondus
581 918 780 979 Aninionense
803 921 987 997 computatis.

407 1293 529 1355 Summa
548 1289 734 1353 Summarum
755 1291 849 1350 tocius
871 1292 1001 1368 predicte
1016 1292 1126 1368 argentj
1138 1293 1167 1351 in
1179 1263 1316 1369 predictis
1331 1292 1429 1368 regnis

323 1385 437 1456 collecti
459 1396 497 1452 ad
520 1393 634 1470 pondus
660 1391 859 1451 Auinionense
887 1404 931 1451 est
962 1413 1007 1451 .m.
1041 1393 1091 1468 .vj⁰.
1125 1394 1216 1452 lxxix.
1241 1394 1359 1452 marche
1381 1392 1428 1468 iij.

323 1497 418 1576 quarti
438 1495 530 1555 vncic.
544 1513 618 1552 vnus
640 1493 775 1552 denarius
799 1487 925 1568 [arpenti]
950 1513 1015 1552 cum
1038 1495 1165 1555 dimidio.
1210 1495 1338 1571 Singulis
1353 1514 1428 1552 mar·

288 1635 292 1644 -
324 1600 384 1659 chis
413 1598 450 1656 ad
473 1596 586 1672 pondus
608 1596 644 1653 de
666 1594 782 1656 Scharis
804 1613 857 1671 pro
880 1594 937 1671 .vij.
958 1596 1059 1672 vncijs,
1087 1606 1115 1655 et
1146 1596 1203 1673 .vij.
1236 1596 1359 1671 donarijs
1391 1596 1428 1654 ad

324 1700 437 1777 pondus
458 1697 657 1756 Auinionense
680 1698 863 1772 computatis.
1209 1701 1212 1708 “

682 1931 986 1943 -n—-n-n—-a-n

334 2108 416 2186 Hec
447 2116 531 2184 sunt
561 2105 727 2209 Recepte
760 2108 853 2184 lacte
885 2109 921 2183 in
954 2109 1097 2184 ciuitate
1134 2117 1170 2184 et
1200 2106 1339 2183 diocesi
1430 2154 1525 2195 aas.

548 2240 786 2319 Aboensibus
817 2239 938 2343 Regni
970 2242 1128 2321 Swecie.

325 2393 415 2450 Anno
437 2391 485 2467 dsj
508 2389 659 2449 millesimo
683 2398 757 2449 .ccc‘t
777 2390 882 2466 xxviij‘!
904 2401 934 2449 et
954 2391 1048 2468 prima
1070 2390 1116 2472 die
1138 2391 1243 2450 mensis
1272 2391 1352 2466 Maij,
1373 2390 1429 2449 lra-

239 2505 285 2553 ter
309 2491 476 2553 Goslralcns
498 2493 589 2550 lector
609 2491 729 2550 fratrum
751 2492 965 2568 predicatorum
987 2490 1149 2551 *Fillandie
1170 2494 1293 2571 Recepit
1322 2494 1358 2551 de
1379 2494 1429 2551 de·

240 2596 319 2655 eima
343 2595 528 2671 episcopatus
549 2593 695 2652 Aboensis
717 2612 754 2651 ex
777 2594 977 2653 commissione
998 2594 1052 2653 sibi
1074 2614 1127 2672 per
1147 2613 1201 2653 nos
1233 2594 1349 2653 fratrem
1381 2596 1430 2654 Io·

241 2700 367 2756 hannem
390 2697 425 2753 de
448 2694 565 2754 Serone.
588 2704 617 2752 et
638 2695 673 2752 B.
693 2694 729 2752 de
758 2693 866 2753 Ortolis
894 2693 979 2753 laeta.
1012 2715 1070 2771 qne
1101 2695 1218 2772 quidem
1252 2696 1366 2755 decima
1395 2674 1430 2754 de

242 2819 295 2858 sex
316 2786 398 2856 andis
420 2792 547 2857 assendit
569 2803 610 2854 .v‘!
630 2795 690 2873 xvj.
701 2815 815 2855 marcas
837 2816 928 2872 parne
948 2806 1070 2856 monete.
1093 2798 1236 2857 decimam
1253 2796 1338 2856 vuius
1354 2798 1431 2876 annj.

240 2900 377 2959 videlicet
398 2928 438 2938 -
462 2897 582 2973 dxxxvj.
604 2917 718 2958 marcas
739 2916 830 2975 parus
852 2908 968 2957 monete
990 2900 1111 2960 chcie.

326 3001 487 3060 Residuum
509 3019 579 3058 vero
601 3000 678 3057 dicte
701 3000 820 3059 decime.
831 2999 966 3059 videlicet
984 3002 1126 3061 decimam
1140 3004 1267 3081 quinque
1279 3022 1431 3082 annornm,

243 3103 316 3161 dixit
338 3103 432 3161 dictus
450 3101 538 3162 frater
563 3101 649 3160 fuisse
672 3102 819 3160 sublatum
853 3112 881 3160 et
914 3103 1098 3162 diraubatum
1131 3124 1182 3180 per
1218 3104 1347 3163 infideles
1380 3104 1431 3179 qui

243 3206 350 3264 dietam
374 3203 517 3262 decimam
539 3203 575 3260 de
597 3222 632 3260 .v.
655 3202 737 3260 annis
759 3203 786 3260 in
810 3205 934 3264 ecclesia
955 3205 1085 3264 Aboensi
1098 3206 1249 3265 collectam
1261 3207 1297 3264 de
1309 3205 1431 3263 ecclesia

242 3306 374 3383 predicta
395 3314 562 3381 rapuerunt.
584 3314 671 3380 prout
693 3305 766 3362 dixit
787 3306 842 3364 sibi
863 3305 970 3365 factam
1000 3306 1086 3366 luisse
1115 3308 1229 3384 plenam
1252 3309 1346 3365 fidem.
1369 3306 1429 3364 dic·

241 3418 287 3466 tas
318 3426 388 3464 vero
410 3405 528 3481 dxxxvj.
554 3425 666 3464 marcas
700 3426 790 3482 parue
818 3419 933 3466 monete
954 3407 1027 3465 dixit
1049 3408 1142 3468 dictus
1160 3407 1248 3467 irater
1266 3407 1432 3468 Goskalcus

241 3529 273 3568 se
295 3508 439 3584 recepisse
453 3527 479 3564 ·a
501 3507 755 3566 conseruatoribus
777 3496 853 3566 dicte
875 3509 986 3568 decime
1016 3520 1149 3586 presente
1166 3510 1239 3568 ‘dno
1272 3508 1432 3568 Benedicta

242 3611 380 3687 episcopo
402 3608 533 3667 Aboensi
556 3609 584 3666 in
611 3636 643 3645 -
670 3609 747 3695 xvij.
769 3611 893 3670 marchis
916 3610 1025 3687 argentj
1045 3612 1083 3669 ad
1094 3612 1208 3689 pondus
1220 3613 1255 3670 de
1268 3611 1431 3671 Stoc'olmis.

244 3709 428 3787 ¹c0mputata
450 3709 581 3787 qualibet
602 3729 700 3768 marca
722 3711 758 3768 dc
781 3711 859 3787 xvij.
880 3712 1004 3771 marchis
1025 3712 1171 3790 predictis.
1203 3733 1254 3790 pro
1287 3732 1322 3771 .v.
1356 3732 1431 3770 mar·

241 3813 312 3884 chis,
335 3821 363 3869 et
386 3811 443 3888 xij.
469 3811 593 3888 denarijs
616 3812 729 3873 Sweuis
752 3823 780 3871 et
801 3833 859 3872 vna
881 3832 979 3872 marca
1010 3813 1120 3897 argentj
1139 3834 1207 3891 pro
1240 3833 1276 3873 .v.
1309 3814 1432 3872 marchis

242 3913 426 3991 computatis.

326 4084 401 4141 Item
425 4083 498 4141 dixit
519 4103 550 4142 se
572 4083 715 4160 recepisse
738 4085 773 4142 de
799 4084 940 4144 fructibus
962 4085 1166 4145 beneficiorum
1199 4085 1236 4143 ad
1270 4085 1431 4142 triennium.

242 4196 458 4245 reseruatorum
480 4186 653 4244 vacancium
682 4168 711 4243 in
745 4186 822 4244 dicto
857 4186 1026 4263 episcopatu
1048 4216 1090 4224 —
1110 4206 1168 4244 xx.
1189 4188 1321 4245 marchas
1342 4205 1433 4263 parue

242 4296 366 4345 monete.
389 4307 476 4364 quam
496 4307 639 4346 summam
662 4287 736 4344 dixit
755 4306 786 4345 sc
808 4289 951 4365 recepisse
973 4289 1001 4347 in
1027 4318 1063 4326 ·-
1088 4288 1145 4364 iiij.
1168 4288 1293 4347 rnarchis
1323 4288 1434 4364 argenti

243 4390 281 4448 ad
303 4390 412 4448 dictum
435 4391 557 4466 pondus.

327 4559 400 4617 Item
423 4558 459 4616 de
481 4558 610 4617 subsidio
632 4559 731 4617 oblato
753 4559 811 4616 dr‘ro
833 4578 909 4634 pape
931 4577 984 4634 per
1001 4557 1122 4618 Clerum'
1146 4558 1214 4617 dicti
1244 4556 1429 4637 episcopatus

243 4660 317 4718 dixit
337 4680 369 4719 se
390 4659 534 4736 recepisse
559 4685 593 4695 ·-
620 4679 655 4717 .c.
678 4677 791 4717 marcas
812 4679 904 4735 parue
926 4669 1048 4718 monete.

280 4804 289 4835 ¹
307 4809 320 4859 1
338 4809 446 4872 Margen
464 4809 522 4858 med
539 4809 591 4858 den
608 4808 692 4859 adden
709 4807 802 4860 Haand
821 4802 956 4870 „attende.“
