<?xml version="1.0" encoding="UTF-8"?>
<!DOCTYPE html PUBLIC "-//W3C//DTD XHTML 1.0 Transitional//EN"
    "http://www.w3.org/TR/xhtml1/DTD/xhtml1-transitional.dtd">
<html xmlns="http://www.w3.org/1999/xhtml" xml:lang="en" lang="en">
 <head>
  <title>
</title>
<meta http-equiv="Content-Type" content="text/html;charset=utf-8" />
  <meta name='ocr-system' content='tesseract 3.04.00' />
  <meta name='ocr-capabilities' content='ocr_page ocr_carea ocr_par ocr_line ocrx_word'/>
</head>
<body>
  <div class='ocr_page' id='page_1' title='image "./paveligenuntier00nuncgoog_0142.png"; bbox 0 0 3584 5625; ppageno 0'>
   <div class='ocr_carea' id='block_1_1' title="bbox 889 493 949 553">
    <p class='ocr_par' dir='ltr' id='par_1_1' title="bbox 889 493 949 553">
     <span class='ocr_line' id='line_1_1' title="bbox 889 493 949 553; baseline 0.017 -1"><span class='ocrx_word' id='word_1_1' title='bbox 889 493 949 553; x_wconf 72' lang='lat'><strong>1⁸0</strong></span> 
     </span>
    </p>
   </div>
   <div class='ocr_carea' id='block_1_2' title="bbox 318 674 1511 1007">
    <p class='ocr_par' dir='ltr' id='par_1_2' title="bbox 318 674 1511 1007">
     <span class='ocr_line' id='line_1_2' title="bbox 318 674 1511 767; baseline -0.001 -20"><span class='ocrx_word' id='word_1_2' title='bbox 318 675 391 747; x_wconf 74' lang='lat' dir='ltr'><strong>Hoc</strong></span> <span class='ocrx_word' id='word_1_3' title='bbox 416 674 578 746; x_wconf 78' lang='lat' dir='ltr'>beneficia</span> <span class='ocrx_word' id='word_1_4' title='bbox 605 683 811 745; x_wconf 76' lang='lat' dir='ltr'><strong>vacauerunt</strong></span> <span class='ocrx_word' id='word_1_5' title='bbox 837 677 868 744; x_wconf 87' lang='lat' dir='ltr'><strong>in</strong></span> <span class='ocrx_word' id='word_1_6' title='bbox 895 678 1028 749; x_wconf 78' lang='lat' dir='ltr'>ciuitule</span> <span class='ocrx_word' id='word_1_7' title='bbox 1055 688 1087 749; x_wconf 78' lang='lat' dir='ltr'><strong>et</strong></span> <span class='ocrx_word' id='word_1_8' title='bbox 1112 677 1239 748; x_wconf 78' lang='lat' dir='ltr'><strong>diocesi</strong></span> <span class='ocrx_word' id='word_1_9' title='bbox 1273 675 1511 767; x_wconf 77' lang='lat' dir='ltr'><strong>strengenen-</strong></span> 
     </span>
     <span class='ocr_line' id='line_1_3' title="bbox 319 791 1510 889; baseline -0.002 -24"><span class='ocrx_word' id='word_1_10' title='bbox 319 792 410 866; x_wconf 81' lang='lat' dir='ltr'>sihus</span> <span class='ocrx_word' id='word_1_11' title='bbox 437 791 522 863; x_wconf 81' lang='lat' dir='ltr'><strong>infra</strong></span> <span class='ocrx_word' id='word_1_12' title='bbox 547 792 730 888; x_wconf 82' lang='lat' dir='ltr'><strong>predictum</strong></span> <span class='ocrx_word' id='word_1_13' title='bbox 760 792 932 864; x_wconf 84' lang='lat' dir='ltr'>Biennium</span> <span class='ocrx_word' id='word_1_14' title='bbox 964 817 1028 889; x_wconf 88' lang='lat' dir='ltr'><strong>que</strong></span> <span class='ocrx_word' id='word_1_15' title='bbox 1059 793 1232 866; x_wconf 82' lang='lat' dir='ltr'>soluerunt</span> <span class='ocrx_word' id='word_1_16' title='bbox 1257 792 1385 865; x_wconf 71' lang='lat' dir='ltr'><strong>fructus</strong></span> <span class='ocrx_word' id='word_1_17' title='bbox 1411 795 1510 888; x_wconf 80' lang='lat' dir='ltr'>primi</span> 
     </span>
     <span class='ocr_line' id='line_1_4' title="bbox 761 913 1071 1007; baseline 0.01 -27"><span class='ocrx_word' id='word_1_18' title='bbox 761 913 835 980; x_wconf 85' lang='lat' dir='ltr'><strong>anni</strong></span> <span class='ocrx_word' id='word_1_19' title='bbox 862 921 900 982; x_wconf 77' lang='lat' dir='ltr'><strong>vt</strong></span> <span class='ocrx_word' id='word_1_20' title='bbox 925 915 1071 1007; x_wconf 80' lang='lat' dir='ltr'><strong>sequitur</strong></span> 
     </span>
    </p>
   </div>
   <div class='ocr_carea' id='block_1_3' title="bbox 319 1102 1360 1261">
    <p class='ocr_par' dir='ltr' id='par_1_3' title="bbox 319 1102 1360 1261">
     <span class='ocr_line' id='line_1_5' title="bbox 888 1102 963 1142; baseline 0 0"><span class='ocrx_word' id='word_1_21' title='bbox 888 1102 963 1142; x_wconf 84' lang='lat' dir='ltr'><strong>nmo</strong></span> 
     </span>
     <span class='ocr_line' id='line_1_6' title="bbox 319 1104 1360 1261; baseline -0.003 -16"><span class='ocrx_word' id='word_1_22' title='bbox 319 1184 473 1245; x_wconf 73' lang='lat' dir='ltr'>Prebenda</span> <span class='ocrx_word' id='word_1_23' title='bbox 485 1184 534 1242; x_wconf 70' lang='lat' dir='ltr'><strong>dxi</strong></span> <span class='ocrx_word' id='word_1_24' title='bbox 546 1182 684 1243; x_wconf 71' lang='lat' dir='ltr'>Nieholni</span> <span class='ocrx_word' id='word_1_25' title='bbox 696 1183 831 1243; x_wconf 79' lang='lat' dir='ltr'><strong>canonici</strong></span> <span class='ocrx_word' id='word_1_26' title='bbox 841 1104 1060 1261; x_wconf 53' lang='lat' dir='ltr'>sgengenemis</span> <span class='ocrx_word' id='word_1_27' title='bbox 1103 1203 1161 1242; x_wconf 91' lang='lat' dir='ltr'>.xx.</span> <span class='ocrx_word' id='word_1_28' title='bbox 1183 1203 1272 1244; x_wconf 80' lang='lat' dir='ltr'>marc.</span> <span class='ocrx_word' id='word_1_29' title='bbox 1293 1185 1360 1244; x_wconf 77' lang='lat' dir='ltr'>den.</span> 
     </span>
    </p>
   </div>
   <div class='ocr_carea' id='block_1_4' title="bbox 318 1351 1513 2023">
    <p class='ocr_par' dir='ltr' id='par_1_4' title="bbox 318 1351 1513 1616">
     <span class='ocr_line' id='line_1_7' title="bbox 318 1351 1513 1428; baseline -0.002 -15"><span class='ocrx_word' id='word_1_30' title='bbox 318 1353 394 1413; x_wconf 78' lang='lat' dir='ltr'>Item</span> <span class='ocrx_word' id='word_1_31' title='bbox 415 1354 620 1425; x_wconf 77' lang='lat' dir='ltr'>Thorsharghe</span> <span class='ocrx_word' id='word_1_32' title='bbox 685 1395 1113 1411; x_wconf 89' lang='grc'><strong>.........</strong></span> <span class='ocrx_word' id='word_1_33' title='bbox 1115 1352 1184 1428; x_wconf 82' lang='lat' dir='ltr'>xxij.</span> <span class='ocrx_word' id='word_1_34' title='bbox 1197 1373 1285 1414; x_wconf 76' lang='lat' dir='ltr'>mare.</span> <span class='ocrx_word' id='word_1_35' title='bbox 1298 1372 1365 1413; x_wconf 83' lang='lat' dir='ltr'><strong>cum</strong></span> <span class='ocrx_word' id='word_1_36' title='bbox 1380 1351 1513 1412; x_wconf 64' lang='lat' dir='ltr'><strong>dimidsa,</strong></span> 
     </span>
     <span class='ocr_line' id='line_1_8' title="bbox 318 1453 1484 1532; baseline 0 -19"><span class='ocrx_word' id='word_1_37' title='bbox 318 1453 448 1532; x_wconf 87' lang='lat' dir='ltr'><strong>Kynlum</strong></span> <span class='ocrx_word' id='word_1_38' title='bbox 473 1453 653 1531; x_wconf 68' lang='lat' dir='ltr'><strong>(Kyulum‘t)</strong></span> <span class='ocrx_word' id='word_1_39' title='bbox 687 1495 1115 1512; x_wconf 89' lang='grc'><strong>.........</strong></span> <span class='ocrx_word' id='word_1_40' title='bbox 1117 1454 1187 1531; x_wconf 78' lang='lat' dir='ltr'>xvij.</span> <span class='ocrx_word' id='word_1_41' title='bbox 1211 1474 1300 1515; x_wconf 78' lang='lat' dir='ltr'>marc.</span> <span class='ocrx_word' id='word_1_42' title='bbox 1323 1473 1390 1515; x_wconf 87' lang='lat' dir='ltr'><strong>eum</strong></span> <span class='ocrx_word' id='word_1_43' title='bbox 1412 1454 1484 1514; x_wconf 85' lang='lat' dir='ltr'>dim.</span> 
     </span>
     <span class='ocr_line' id='line_1_9' title="bbox 318 1554 1275 1616; baseline 0.001 -1"><span class='ocrx_word' id='word_1_44' title='bbox 318 1554 524 1615; x_wconf 75' lang='lat' dir='ltr'><strong>Modhalosum</strong></span> <span class='ocrx_word' id='word_1_45' title='bbox 546 1573 613 1612; x_wconf 83' lang='lat' dir='ltr'><strong>cum</strong></span> <span class='ocrx_word' id='word_1_46' title='bbox 634 1573 750 1614; x_wconf 76' lang='lat' dir='ltr'>annexa</span> <span class='ocrx_word' id='word_1_47' title='bbox 791 1597 1114 1613; x_wconf 88' lang='grc'><strong>.......</strong></span> <span class='ocrx_word' id='word_1_48' title='bbox 1116 1574 1165 1613; x_wconf 84' lang='lat' dir='ltr'><strong>xv.</strong></span> <span class='ocrx_word' id='word_1_49' title='bbox 1187 1576 1275 1616; x_wconf 74' lang='lat' dir='ltr'>marc.</span> 
     </span>
    </p>

    <p class='ocr_par' dir='ltr' id='par_1_5' title="bbox 320 1657 1384 1818">
     <span class='ocr_line' id='line_1_10' title="bbox 320 1657 1384 1716; baseline 0 0"><span class='ocrx_word' id='word_1_50' title='bbox 320 1657 439 1716; x_wconf 86' lang='lat' dir='ltr'><strong>Tunum</strong></span> <span class='ocrx_word' id='word_1_51' title='bbox 461 1674 527 1714; x_wconf 82' lang='lat' dir='ltr'><strong>cum</strong></span> <span class='ocrx_word' id='word_1_52' title='bbox 550 1674 665 1714; x_wconf 77' lang='lat' dir='ltr'>annexa</span> <span class='ocrx_word' id='word_1_53' title='bbox 734 1697 1111 1715; x_wconf 90' lang='grc'><strong>........</strong></span> <span class='ocrx_word' id='word_1_54' title='bbox 1113 1675 1143 1714; x_wconf 87' lang='lat' dir='ltr'><strong>x.</strong></span> <span class='ocrx_word' id='word_1_55' title='bbox 1166 1676 1255 1716; x_wconf 77' lang='lat' dir='ltr'>mare.</span> <span class='ocrx_word' id='word_1_56' title='bbox 1378 1681 1384 1691; x_wconf 91' lang='lat'><strong>·</strong></span> 
     </span>
     <span class='ocr_line' id='line_1_11' title="bbox 320 1758 1271 1818; baseline -0.003 0"><span class='ocrx_word' id='word_1_57' title='bbox 320 1758 456 1818; x_wconf 86' lang='lat' dir='ltr'><strong>Lundum</strong></span> <span class='ocrx_word' id='word_1_58' title='bbox 477 1775 544 1815; x_wconf 79' lang='lat' dir='ltr'><strong>eum</strong></span> <span class='ocrx_word' id='word_1_59' title='bbox 566 1775 680 1815; x_wconf 77' lang='lat' dir='ltr'>annexa</span> <span class='ocrx_word' id='word_1_60' title='bbox 734 1798 1110 1818; x_wconf 89' lang='grc'><strong>........</strong></span> <span class='ocrx_word' id='word_1_61' title='bbox 1117 1777 1165 1817; x_wconf 85' lang='lat' dir='ltr'><strong>xv.</strong></span> <span class='ocrx_word' id='word_1_62' title='bbox 1182 1777 1271 1817; x_wconf 75' lang='lat' dir='ltr'>mare.</span> 
     </span>
    </p>

    <p class='ocr_par' dir='ltr' id='par_1_6' title="bbox 320 1858 1460 2023">
     <span class='ocr_line' id='line_1_12' title="bbox 320 1858 1460 1938; baseline -0.001 -18"><span class='ocrx_word' id='word_1_63' title='bbox 320 1861 505 1938; x_wconf 68' lang='lat' dir='ltr'><strong>ThJstoborg</strong></span> <span class='ocrx_word' id='word_1_64' title='bbox 526 1877 592 1918; x_wconf 82' lang='lat' dir='ltr'><strong>cum</strong></span> <span class='ocrx_word' id='word_1_65' title='bbox 613 1877 728 1918; x_wconf 77' lang='lat' dir='ltr'>annexa</span> <span class='ocrx_word' id='word_1_66' title='bbox 788 1901 1110 1918; x_wconf 90' lang='grc'><strong>.......</strong></span> <span class='ocrx_word' id='word_1_67' title='bbox 1113 1859 1163 1935; x_wconf 83' lang='lat' dir='ltr'>xij.</span> <span class='ocrx_word' id='word_1_68' title='bbox 1187 1878 1276 1919; x_wconf 78' lang='lat' dir='ltr'>marc.</span> <span class='ocrx_word' id='word_1_69' title='bbox 1298 1878 1365 1918; x_wconf 85' lang='lat' dir='ltr'><strong>cum</strong></span> <span class='ocrx_word' id='word_1_70' title='bbox 1387 1858 1460 1919; x_wconf 84' lang='lat' dir='ltr'>dim.</span> 
     </span>
     <span class='ocr_line' id='line_1_13' title="bbox 320 1961 1273 2023; baseline 0 -4"><span class='ocrx_word' id='word_1_71' title='bbox 320 1961 455 2023; x_wconf 70' lang='lat' dir='ltr'><strong>Son-unda</strong></span> <span class='ocrx_word' id='word_1_72' title='bbox 524 2001 1109 2019; x_wconf 87' lang='grc'><strong>............</strong></span> <span class='ocrx_word' id='word_1_73' title='bbox 1112 1980 1162 2019; x_wconf 87' lang='lat' dir='ltr'><strong>xx.</strong></span> <span class='ocrx_word' id='word_1_74' title='bbox 1186 1979 1273 2018; x_wconf 74' lang='lat' dir='ltr'>marc.</span> 
     </span>
    </p>
   </div>
   <div class='ocr_carea' id='block_1_5' title="bbox 249 2392 1515 2583">
    <p class='ocr_par' dir='ltr' id='par_1_7' title="bbox 249 2392 1515 2583">
     <span class='ocr_line' id='line_1_14' title="bbox 249 2392 1515 2487; baseline 0.005 -24"><span class='ocrx_word' id='word_1_75' title='bbox 249 2454 253 2463; x_wconf 95' lang='lat'>.</span> <span class='ocrx_word' id='word_1_76' title='bbox 288 2433 306 2461; x_wconf 69' lang='grc' dir='ltr'>ι</span> <span class='ocrx_word' id='word_1_77' title='bbox 320 2396 402 2468; x_wconf 83' lang='lat' dir='ltr'><strong>Item</strong></span> <span class='ocrx_word' id='word_1_78' title='bbox 429 2399 461 2466; x_wconf 88' lang='lat' dir='ltr'><strong>in</strong></span> <span class='ocrx_word' id='word_1_79' title='bbox 488 2392 643 2466; x_wconf 81' lang='lat' dir='ltr'><strong>Nerichia</strong></span> <span class='ocrx_word' id='word_1_80' title='bbox 671 2392 818 2465; x_wconf 84' lang='lat' dir='ltr'>eiusdem</span> <span class='ocrx_word' id='word_1_81' title='bbox 846 2393 988 2466; x_wconf 83' lang='lat' dir='ltr'><strong>diocesis</strong></span> <span class='ocrx_word' id='word_1_82' title='bbox 1015 2395 1269 2487; x_wconf 79' lang='lat' dir='ltr'>strengenensis</span> <span class='ocrx_word' id='word_1_83' title='bbox 1302 2407 1515 2469; x_wconf 77' lang='lat' dir='ltr'>vacnuerunt</span> 
     </span>
     <span class='ocr_line' id='line_1_15' title="bbox 835 2510 996 2583; baseline 0.006 -1"><span class='ocrx_word' id='word_1_84' title='bbox 835 2510 996 2583; x_wconf 81' lang='lat' dir='ltr'>beneficia</span> 
     </span>
    </p>
   </div>
   <div class='ocr_carea' id='block_1_6' title="bbox 321 2686 1565 3270">
    <p class='ocr_par' dir='ltr' id='par_1_8' title="bbox 321 2686 1565 3270">
     <span class='ocr_line' id='line_1_16' title="bbox 868 2686 962 2762; baseline 0 -18"><span class='ocrx_word' id='word_1_85' title='bbox 868 2686 962 2762; x_wconf 84' lang='lat' dir='ltr'>primo</span> 
     </span>
     <span class='ocr_line' id='line_1_17' title="bbox 325 2786 1306 2850; baseline -0.003 -2"><span class='ocrx_word' id='word_1_86' title='bbox 325 2788 524 2850; x_wconf 75' lang='lat' dir='ltr'><strong>Glanzhamar</strong></span> <span class='ocrx_word' id='word_1_87' title='bbox 547 2829 1079 2847; x_wconf 87' lang='grc'><strong>...........</strong></span> <span class='ocrx_word' id='word_1_88' title='bbox 1081 2806 1110 2847; x_wconf 86' lang='lat' dir='ltr'><strong>x.</strong></span> <span class='ocrx_word' id='word_1_89' title='bbox 1131 2804 1220 2846; x_wconf 77' lang='lat' dir='ltr'>mare.</span> <span class='ocrx_word' id='word_1_90' title='bbox 1242 2786 1306 2846; x_wconf 81' lang='lat' dir='ltr'>den.</span> 
     </span>
     <span class='ocr_line' id='line_1_18' title="bbox 322 2890 1222 2967; baseline -0.003 -18"><span class='ocrx_word' id='word_1_91' title='bbox 322 2890 476 2967; x_wconf 79' lang='lat' dir='ltr'>Oreklinge</span> <span class='ocrx_word' id='word_1_92' title='bbox 546 2930 1082 2947; x_wconf 89' lang='grc'><strong>...........</strong></span> <span class='ocrx_word' id='word_1_93' title='bbox 1083 2907 1112 2946; x_wconf 88' lang='lat' dir='ltr'><strong>x.</strong></span> <span class='ocrx_word' id='word_1_94' title='bbox 1135 2907 1222 2947; x_wconf 79' lang='lat' dir='ltr'>marc.</span> 
     </span>
     <span class='ocr_line' id='line_1_19' title="bbox 321 2991 1221 3068; baseline -0.003 -18"><span class='ocrx_word' id='word_1_95' title='bbox 321 2991 493 3068; x_wconf 80' lang='lat' dir='ltr'>Axabiergh</span> <span class='ocrx_word' id='word_1_96' title='bbox 544 3030 1078 3048; x_wconf 85' lang='grc'><strong>...........</strong></span> <span class='ocrx_word' id='word_1_97' title='bbox 1081 3008 1108 3046; x_wconf 87' lang='lat' dir='ltr'><strong>v.</strong></span> <span class='ocrx_word' id='word_1_98' title='bbox 1131 3008 1221 3048; x_wconf 73' lang='lat' dir='ltr'>mare.</span> 
     </span>
     <span class='ocr_line' id='line_1_20' title="bbox 323 3084 1565 3167; baseline -0.007 -14"><span class='ocrx_word' id='word_1_99' title='bbox 323 3084 487 3152; x_wconf 75' lang='lat' dir='ltr'><strong>‘Vntruse1</strong></span> <span class='ocrx_word' id='word_1_100' title='bbox 548 3132 1082 3149; x_wconf 90' lang='grc'><strong>...........</strong></span> <span class='ocrx_word' id='word_1_101' title='bbox 1084 3089 1123 3164; x_wconf 82' lang='lat' dir='ltr'>iij.</span> <span class='ocrx_word' id='word_1_102' title='bbox 1146 3109 1235 3149; x_wconf 83' lang='lat' dir='ltr'>marc.</span> <span class='ocrx_word' id='word_1_103' title='bbox 1259 3110 1325 3150; x_wconf 81' lang='lat' dir='ltr'><strong>cum</strong></span> <span class='ocrx_word' id='word_1_104' title='bbox 1347 3091 1394 3167; x_wconf 84' lang='lat' dir='ltr'>.vj.</span> <span class='ocrx_word' id='word_1_105' title='bbox 1416 3092 1498 3153; x_wconf 73' lang='lat' dir='ltr'>oris..</span> <span class='ocrx_word' id='word_1_106' title='bbox 1563 3147 1565 3150; x_wconf 66' lang='grc'>,</span> 
     </span>
     <span class='ocr_line' id='line_1_21' title="bbox 322 3190 1479 3270; baseline 0 -19"><span class='ocrx_word' id='word_1_107' title='bbox 322 3192 503 3270; x_wconf 77' lang='lat' dir='ltr'><strong>Litlakirkyo</strong></span> <span class='ocrx_word' id='word_1_108' title='bbox 546 3233 1078 3252; x_wconf 89' lang='grc'><strong>...........</strong></span> <span class='ocrx_word' id='word_1_109' title='bbox 1080 3190 1119 3267; x_wconf 82' lang='lat' dir='ltr'>iij.</span> <span class='ocrx_word' id='word_1_110' title='bbox 1141 3211 1229 3251; x_wconf 82' lang='lat' dir='ltr'>mare.</span> <span class='ocrx_word' id='word_1_111' title='bbox 1252 3212 1318 3252; x_wconf 84' lang='lat' dir='ltr'><strong>oum</strong></span> <span class='ocrx_word' id='word_1_112' title='bbox 1340 3191 1387 3270; x_wconf 65' lang='lat' dir='ltr'><strong>xj.</strong></span> <span class='ocrx_word' id='word_1_113' title='bbox 1410 3193 1479 3255; x_wconf 71' lang='lat' dir='ltr'>oria.</span> 
     </span>
    </p>
   </div>
   <div class='ocr_carea' id='block_1_7' title="bbox 765 3425 1066 3436">
    <p class='ocr_par' dir='ltr' id='par_1_9' title="bbox 765 3425 1066 3436">
     <span class='ocr_line' id='line_1_22' title="bbox 765 3425 1066 3436; baseline 0.013 -4"><span class='ocrx_word' id='word_1_114' title='bbox 765 3425 1066 3436; x_wconf 76' lang='lat'>——-——-..-</span> 
     </span>
    </p>
   </div>
   <div class='ocr_carea' id='block_1_8' title="bbox 323 3642 1513 3976">
    <p class='ocr_par' dir='ltr' id='par_1_10' title="bbox 323 3642 1513 3976">
     <span class='ocr_line' id='line_1_23' title="bbox 323 3642 1513 3740; baseline 0.003 -25"><span class='ocrx_word' id='word_1_115' title='bbox 323 3644 394 3715; x_wconf 85' lang='lat' dir='ltr'><strong>Hec</strong></span> <span class='ocrx_word' id='word_1_116' title='bbox 421 3642 580 3715; x_wconf 81' lang='lat' dir='ltr'><strong>beneficia</strong></span> <span class='ocrx_word' id='word_1_117' title='bbox 606 3656 815 3716; x_wconf 80' lang='lat' dir='ltr'><strong>vacauerunt</strong></span> <span class='ocrx_word' id='word_1_118' title='bbox 839 3649 871 3716; x_wconf 86' lang='lat' dir='ltr'><strong>in</strong></span> <span class='ocrx_word' id='word_1_119' title='bbox 900 3648 1031 3715; x_wconf 81' lang='lat' dir='ltr'><strong>ciuitate</strong></span> <span class='ocrx_word' id='word_1_120' title='bbox 1057 3655 1090 3716; x_wconf 79' lang='lat' dir='ltr'><strong>et</strong></span> <span class='ocrx_word' id='word_1_121' title='bbox 1109 3643 1235 3715; x_wconf 84' lang='lat' dir='ltr'><strong>diocesi</strong></span> <span class='ocrx_word' id='word_1_122' title='bbox 1247 3645 1513 3740; x_wconf 82' lang='lat' dir='ltr'><strong>Lincopensibus</strong></span> 
     </span>
     <span class='ocr_line' id='line_1_24' title="bbox 323 3760 1513 3859; baseline 0.003 -25"><span class='ocrx_word' id='word_1_123' title='bbox 323 3762 409 3835; x_wconf 81' lang='lat' dir='ltr'><strong>infra</strong></span> <span class='ocrx_word' id='word_1_124' title='bbox 435 3762 618 3859; x_wconf 78' lang='lat' dir='ltr'><strong>predictum</strong></span> <span class='ocrx_word' id='word_1_125' title='bbox 649 3763 819 3835; x_wconf 85' lang='lat' dir='ltr'><strong>Biennium</strong></span> <span class='ocrx_word' id='word_1_126' title='bbox 851 3786 917 3859; x_wconf 85' lang='lat' dir='ltr'><strong>que</strong></span> <span class='ocrx_word' id='word_1_127' title='bbox 955 3762 1127 3834; x_wconf 76' lang='lat' dir='ltr'><strong>soluerunt</strong></span> <span class='ocrx_word' id='word_1_128' title='bbox 1157 3760 1284 3834; x_wconf 78' lang='lat' dir='ltr'>fruetus</span> <span class='ocrx_word' id='word_1_129' title='bbox 1310 3765 1407 3858; x_wconf 82' lang='lat' dir='ltr'><strong>primi</strong></span> <span class='ocrx_word' id='word_1_130' title='bbox 1434 3769 1513 3838; x_wconf 79' lang='lat' dir='ltr'><strong>anni</strong></span> 
     </span>
     <span class='ocr_line' id='line_1_25' title="bbox 808 3884 1017 3976; baseline -0.014 -22"><span class='ocrx_word' id='word_1_131' title='bbox 808 3891 845 3955; x_wconf 85' lang='lat' dir='ltr'><strong>vt</strong></span> <span class='ocrx_word' id='word_1_132' title='bbox 870 3884 1017 3976; x_wconf 82' lang='lat' dir='ltr'>sequitur</span> 
     </span>
    </p>
   </div>
   <div class='ocr_carea' id='block_1_9' title="bbox 322 4055 1469 4536">
    <p class='ocr_par' dir='ltr' id='par_1_11' title="bbox 322 4055 1469 4536">
     <span class='ocr_line' id='line_1_26' title="bbox 867 4055 960 4131; baseline 0 -18"><span class='ocrx_word' id='word_1_133' title='bbox 867 4055 960 4131; x_wconf 83' lang='lat' dir='ltr'>primo</span> 
     </span>
     <span class='ocr_line' id='line_1_27' title="bbox 323 4155 1381 4216; baseline 0 -2"><span class='ocrx_word' id='word_1_134' title='bbox 323 4155 458 4215; x_wconf 77' lang='lat' dir='ltr'>Ecclesia</span> <span class='ocrx_word' id='word_1_135' title='bbox 478 4157 560 4215; x_wconf 81' lang='lat' dir='ltr'>Aker</span> <span class='ocrx_word' id='word_1_136' title='bbox 593 4197 1129 4214; x_wconf 89' lang='grc'><strong>...........</strong></span> <span class='ocrx_word' id='word_1_137' title='bbox 1132 4176 1182 4214; x_wconf 91' lang='lat' dir='ltr'><strong>xx.</strong></span> <span class='ocrx_word' id='word_1_138' title='bbox 1206 4175 1294 4216; x_wconf 79' lang='lat' dir='ltr'>mare.</span> <span class='ocrx_word' id='word_1_139' title='bbox 1315 4156 1381 4215; x_wconf 80' lang='lat' dir='ltr'>den.</span> 
     </span>
     <span class='ocr_line' id='line_1_28' title="bbox 322 4256 1469 4335; baseline 0 -19"><span class='ocrx_word' id='word_1_140' title='bbox 322 4257 507 4335; x_wconf 81' lang='lat' dir='ltr'><strong>Agundaryd</strong></span> <span class='ocrx_word' id='word_1_141' title='bbox 540 4298 1126 4317; x_wconf 87' lang='grc'><strong>............</strong></span> <span class='ocrx_word' id='word_1_142' title='bbox 1127 4257 1176 4333; x_wconf 83' lang='lat' dir='ltr'>xij.</span> <span class='ocrx_word' id='word_1_143' title='bbox 1198 4276 1287 4318; x_wconf 79' lang='lat' dir='ltr'>marc.</span> <span class='ocrx_word' id='word_1_144' title='bbox 1310 4276 1377 4317; x_wconf 83' lang='lat' dir='ltr'><strong>eum</strong></span> <span class='ocrx_word' id='word_1_145' title='bbox 1398 4256 1469 4318; x_wconf 78' lang='lat' dir='ltr'>dim.</span> 
     </span>
     <span class='ocr_line' id='line_1_29' title="bbox 322 4357 1270 4419; baseline 0 -2"><span class='ocrx_word' id='word_1_146' title='bbox 322 4357 463 4419; x_wconf 82' lang='lat' dir='ltr'>Forsidhe</span> <span class='ocrx_word' id='word_1_147' title='bbox 493 4400 1129 4418; x_wconf 88' lang='grc'><strong>.............</strong></span> <span class='ocrx_word' id='word_1_148' title='bbox 1132 4379 1161 4418; x_wconf 85' lang='lat' dir='ltr'><strong>x.</strong></span> <span class='ocrx_word' id='word_1_149' title='bbox 1183 4378 1270 4417; x_wconf 82' lang='lat' dir='ltr'>marc.</span> 
     </span>
     <span class='ocr_line' id='line_1_30' title="bbox 322 4458 1301 4536; baseline 0 -18"><span class='ocrx_word' id='word_1_150' title='bbox 322 4458 467 4536; x_wconf 80' lang='lat' dir='ltr'><strong>Reskinge</strong></span> <span class='ocrx_word' id='word_1_151' title='bbox 493 4501 1132 4518; x_wconf 88' lang='grc'><strong>.............</strong></span> <span class='ocrx_word' id='word_1_152' title='bbox 1133 4460 1191 4536; x_wconf 82' lang='lat' dir='ltr'>viij.</span> <span class='ocrx_word' id='word_1_153' title='bbox 1214 4480 1301 4520; x_wconf 76' lang='lat' dir='ltr'>marc.</span> 
     </span>
    </p>
   </div>
   <div class='ocr_carea' id='block_1_10' title="bbox 322 4557 1287 4739">
    <p class='ocr_par' dir='ltr' id='par_1_12' title="bbox 322 4557 1287 4739">
     <span class='ocr_line' id='line_1_31' title="bbox 322 4557 1216 4637; baseline 0.002 -19"><span class='ocrx_word' id='word_1_154' title='bbox 322 4557 514 4637; x_wconf 74' lang='lat' dir='ltr'><strong>&#39;Ligthohust</strong></span> <span class='ocrx_word' id='word_1_155' title='bbox 544 4602 551 4619; x_wconf 90' lang='lat'>.</span> <span class='ocrx_word' id='word_1_156' title='bbox 596 4602 604 4618; x_wconf 91' lang='lat'>.</span> <span class='ocrx_word' id='word_1_157' title='bbox 647 4606 655 4620; x_wconf 86' lang='lat'>.</span> <span class='ocrx_word' id='word_1_158' title='bbox 685 4630 687 4634; x_wconf 23' lang='grc' dir='ltr'>Ι</span> <span class='ocrx_word' id='word_1_159' title='bbox 700 4601 1076 4620; x_wconf 85' lang='grc'><strong>........</strong></span> <span class='ocrx_word' id='word_1_160' title='bbox 1121 4561 1216 4621; x_wconf 80' lang='lat' dir='ltr'><strong>nichil.</strong></span> 
     </span>
     <span class='ocr_line' id='line_1_32' title="bbox 323 4660 1287 4739; baseline 0.001 -19"><span class='ocrx_word' id='word_1_161' title='bbox 323 4660 457 4739; x_wconf 75' lang='lat' dir='ltr'>Sandsyo</span> <span class='ocrx_word' id='word_1_162' title='bbox 486 4704 1126 4722; x_wconf 88' lang='grc'><strong>.............</strong></span> <span class='ocrx_word' id='word_1_163' title='bbox 1127 4681 1177 4720; x_wconf 88' lang='lat' dir='ltr'><strong>xv.</strong></span> <span class='ocrx_word' id='word_1_164' title='bbox 1198 4680 1287 4721; x_wconf 78' lang='lat' dir='ltr'>mare.</span> 
     </span>
    </p>
   </div>
   <div class='ocr_carea' id='block_1_11' title="bbox 359 4805 699 4875">
    <p class='ocr_par' dir='ltr' id='par_1_13' title="bbox 359 4805 699 4875">
     <span class='ocr_line' id='line_1_33' title="bbox 359 4805 699 4875; baseline 0 -13"><span class='ocrx_word' id='word_1_165' title='bbox 359 4805 368 4837; x_wconf 91' lang='lat'><strong>¹</strong></span> <span class='ocrx_word' id='word_1_166' title='bbox 385 4810 449 4862; x_wconf 78' lang='lat' dir='ltr'><strong>skal</strong></span> <span class='ocrx_word' id='word_1_167' title='bbox 462 4826 528 4862; x_wconf 64' lang='grc' dir='ltr'><strong>ναι-ο</strong></span> <span class='ocrx_word' id='word_1_168' title='bbox 538 4808 699 4875; x_wconf 72' lang='lat' dir='ltr'><strong>„Vintru⁸0.“</strong></span> 
     </span>
    </p>
   </div>
   <div class='ocr_carea' id='block_1_12' title="bbox 0 0 1801 5625">
    <p class='ocr_par' dir='ltr' id='par_1_14' title="bbox 0 0 1801 5625">
     <span class='ocr_line' id='line_1_34' title="bbox 0 0 1801 5625; baseline 0 0"><span class='ocrx_word' id='word_1_169' title='bbox 0 0 1801 5625; x_wconf 95' lang='lat' dir='ltr'><strong> </strong></span> 
     </span>
    </p>
   </div>
  </div>
 </body>
</html>
