<?xml version="1.0" encoding="UTF-8"?>
<!DOCTYPE html PUBLIC "-//W3C//DTD XHTML 1.0 Transitional//EN"
    "http://www.w3.org/TR/xhtml1/DTD/xhtml1-transitional.dtd">
<html xmlns="http://www.w3.org/1999/xhtml" xml:lang="en" lang="en">
 <head>
  <title>
</title>
<meta http-equiv="Content-Type" content="text/html;charset=utf-8" />
  <meta name='ocr-system' content='tesseract 3.04.00' />
  <meta name='ocr-capabilities' content='ocr_page ocr_carea ocr_par ocr_line ocrx_word'/>
</head>
<body>
  <div class='ocr_page' id='page_1' title='image "./paveligenuntier00nuncgoog_0115.png"; bbox 0 0 3584 5625; ppageno 0'>
   <div class='ocr_carea' id='block_1_1' title="bbox 819 485 875 544">
    <p class='ocr_par' dir='ltr' id='par_1_1' title="bbox 819 485 875 544">
     <span class='ocr_line' id='line_1_1' title="bbox 819 485 875 544; baseline 0.018 -1"><span class='ocrx_word' id='word_1_1' title='bbox 819 485 875 544; x_wconf 78' lang='lat'>108</span> 
     </span>
    </p>
   </div>
   <div class='ocr_carea' id='block_1_2' title="bbox 383 669 881 752">
    <p class='ocr_par' dir='ltr' id='par_1_2' title="bbox 383 669 881 752">
     <span class='ocr_line' id='line_1_2' title="bbox 383 669 881 752; baseline -0.008 -21"><span class='ocrx_word' id='word_1_2' title='bbox 383 669 502 734; x_wconf 84' lang='lat' dir='ltr'>Summa</span> <span class='ocrx_word' id='word_1_3' title='bbox 523 672 710 752; x_wconf 81' lang='lat' dir='ltr'>pecuniarum</span> <span class='ocrx_word' id='word_1_4' title='bbox 732 679 761 729; x_wconf 91' lang='lat' dir='ltr'>et</span> <span class='ocrx_word' id='word_1_5' title='bbox 772 670 881 747; x_wconf 80' lang='lat' dir='ltr'>argenti</span> 
     </span>
    </p>
   </div>
   <div class='ocr_carea' id='block_1_3' title="bbox 337 678 1436 1027">
    <p class='ocr_par' dir='ltr' id='par_1_3' title="bbox 337 678 1436 1027">
     <span class='ocr_line' id='line_1_3' title="bbox 337 678 1436 1027; baseline -0.006 -193"><span class='ocrx_word' id='word_1_6' title='bbox 337 772 342 781; x_wconf 85' lang='lat'>&#39;</span> <span class='ocrx_word' id='word_1_7' title='bbox 383 776 418 834; x_wconf 91' lang='lat' dir='ltr'>de</span> <span class='ocrx_word' id='word_1_8' title='bbox 430 776 507 834; x_wconf 90' lang='lat' dir='ltr'>dicta</span> <span class='ocrx_word' id='word_1_9' title='bbox 517 775 629 834; x_wconf 87' lang='lat' dir='ltr'>decime</span> <span class='ocrx_word' id='word_1_10' title='bbox 647 782 828 849; x_wconf 88' lang='lat' dir='ltr'>receptorum</span> <span class='ocrx_word' id='word_1_11' title='bbox 842 678 1006 1027; x_wconf 63' lang='lat' dir='ltr'>-3&#39;¹l&#39;iij‘</span> <span class='ocrx_word' id='word_1_12' title='bbox 1028 722 1090 781; x_wconf 48' lang='grc' dir='ltr'>ΗΜ</span> <span class='ocrx_word' id='word_1_13' title='bbox 1114 721 1141 796; x_wconf 69' lang='lat' dir='ltr'>ij‘</span> <span class='ocrx_word' id='word_1_14' title='bbox 1164 722 1214 780; x_wconf 69' lang='lat' dir='ltr'>⁸⁰l&#39;</span> <span class='ocrx_word' id='word_1_15' title='bbox 1239 732 1268 780; x_wconf 55' lang='lat' dir='ltr'>ei</span> <span class='ocrx_word' id='word_1_16' title='bbox 1289 719 1359 795; x_wconf 62' lang='lat' dir='ltr'>rije</span> <span class='ocrx_word' id='word_1_17' title='bbox 1372 721 1436 778; x_wconf 57' lang='lat' dir='ltr'>‘len&#39;</span> 
     </span>
    </p>
   </div>
   <div class='ocr_carea' id='block_1_4' title="bbox 907 822 1435 900">
    <p class='ocr_par' dir='ltr' id='par_1_4' title="bbox 907 822 1435 900">
     <span class='ocr_line' id='line_1_4' title="bbox 907 822 1435 900; baseline 0 -19"><span class='ocrx_word' id='word_1_18' title='bbox 907 843 997 900; x_wconf 75' lang='lat' dir='ltr'>grone.</span> <span class='ocrx_word' id='word_1_19' title='bbox 1017 823 1229 884; x_wconf 80' lang='lat' dir='ltr'>Turonensium</span> <span class='ocrx_word' id='word_1_20' title='bbox 1248 842 1313 882; x_wconf 89' lang='lat' dir='ltr'>cum</span> <span class='ocrx_word' id='word_1_21' title='bbox 1327 822 1352 898; x_wconf 90' lang='lat' dir='ltr'>.j.</span> <span class='ocrx_word' id='word_1_22' title='bbox 1365 833 1435 882; x_wconf 85' lang='lat' dir='ltr'>ster·</span> 
     </span>
    </p>
   </div>
   <div class='ocr_carea' id='block_1_5' title="bbox 381 875 995 1001">
    <p class='ocr_par' dir='ltr' id='par_1_5' title="bbox 381 875 995 1001">
     <span class='ocr_line' id='line_1_5' title="bbox 381 875 995 1001; baseline -0.003 -66"><span class='ocrx_word' id='word_1_23' title='bbox 381 877 410 935; x_wconf 92' lang='lat' dir='ltr'>in</span> <span class='ocrx_word' id='word_1_24' title='bbox 442 878 543 953; x_wconf 79' lang='lat' dir='ltr'>Regno</span> <span class='ocrx_word' id='word_1_25' title='bbox 576 875 681 938; x_wconf 87' lang='lat' dir='ltr'>Suecie</span> <span class='ocrx_word' id='word_1_26' title='bbox 713 875 751 932; x_wconf 85' lang='lat' dir='ltr'>ad</span> <span class='ocrx_word' id='word_1_27' title='bbox 787 893 879 951; x_wconf 80' lang='lat' dir='ltr'>grone.</span> <span class='ocrx_word' id='word_1_28' title='bbox 908 924 995 1001; x_wconf 41' lang='lat' dir='ltr'><strong>lingo·</strong></span> 
     </span>
    </p>
   </div>
   <div class='ocr_carea' id='block_1_6' title="bbox 280 978 629 1121">
    <p class='ocr_par' dir='ltr' id='par_1_6' title="bbox 280 978 629 1121">
     <span class='ocr_line' id='line_1_6' title="bbox 280 978 629 1121; baseline -0.003 -84"><span class='ocrx_word' id='word_1_29' title='bbox 280 1040 344 1121; x_wconf 59' lang='lat' dir='ltr'>[ap]</span> <span class='ocrx_word' id='word_1_30' title='bbox 381 978 564 1038; x_wconf 87' lang='lat' dir='ltr'>reductorum</span> <span class='ocrx_word' id='word_1_31' title='bbox 587 1007 629 1016; x_wconf 94' lang='lat'><em>-</em></span> 
     </span>
    </p>
   </div>
   <div class='ocr_carea' id='block_1_7' title="bbox 909 1230 1257 1306">
    <p class='ocr_par' dir='ltr' id='par_1_7' title="bbox 909 1230 1257 1306">
     <span class='ocr_line' id='line_1_7' title="bbox 909 1230 1257 1306; baseline 0 -19"><span class='ocrx_word' id='word_1_32' title='bbox 909 1230 1046 1306; x_wconf 68' lang='lat' dir='ltr'>cclxiiijt&#39;</span> <span class='ocrx_word' id='word_1_33' title='bbox 1060 1232 1157 1290; x_wconf 87' lang='lat' dir='ltr'>floren.</span> <span class='ocrx_word' id='word_1_34' title='bbox 1176 1231 1257 1306; x_wconf 87' lang='lat' dir='ltr'>parui</span> 
     </span>
    </p>
   </div>
   <div class='ocr_carea' id='block_1_8' title="bbox 908 1301 1408 1406">
    <p class='ocr_par' dir='ltr' id='par_1_8' title="bbox 908 1301 1408 1406">
     <span class='ocr_line' id='line_1_8' title="bbox 908 1301 1408 1406; baseline 0 -18"><span class='ocrx_word' id='word_1_35' title='bbox 908 1330 935 1406; x_wconf 63' lang='lat' dir='ltr'>i.</span> <span class='ocrx_word' id='word_1_36' title='bbox 957 1332 1021 1389; x_wconf 84' lang='lat' dir='ltr'>den.</span> <span class='ocrx_word' id='word_1_37' title='bbox 1045 1333 1081 1390; x_wconf 88' lang='lat' dir='ltr'>de</span> <span class='ocrx_word' id='word_1_38' title='bbox 1103 1351 1198 1391; x_wconf 81' lang='lat' dir='ltr'>massa</span> <span class='ocrx_word' id='word_1_39' title='bbox 1337 1301 1408 1339; x_wconf 52' lang='grc' dir='ltr'>Μ’</span> 
     </span>
    </p>
   </div>
   <div class='ocr_carea' id='block_1_9' title="bbox 257 1178 1436 2170">
    <p class='ocr_par' dir='ltr' id='par_1_9' title="bbox 354 1178 882 1445">
     <span class='ocr_line' id='line_1_9' title="bbox 382 1178 881 1241; baseline -0.012 0"><span class='ocrx_word' id='word_1_40' title='bbox 382 1180 500 1241; x_wconf 84' lang='lat' dir='ltr'>Summa</span> <span class='ocrx_word' id='word_1_41' title='bbox 515 1207 549 1218; x_wconf 90' lang='lat'><em>-</em></span> <span class='ocrx_word' id='word_1_42' title='bbox 564 1180 628 1240; x_wconf 92' lang='lat' dir='ltr'>auri</span> <span class='ocrx_word' id='word_1_43' title='bbox 651 1180 687 1238; x_wconf 84' lang='lat' dir='ltr'>de</span> <span class='ocrx_word' id='word_1_44' title='bbox 709 1179 808 1237; x_wconf 85' lang='lat' dir='ltr'>eadem</span> <span class='ocrx_word' id='word_1_45' title='bbox 832 1178 881 1235; x_wconf 89' lang='lat' dir='ltr'>de·</span> 
     </span>
     <span class='ocr_line' id='line_1_10' title="bbox 354 1280 882 1358; baseline -0.008 -17"><span class='ocrx_word' id='word_1_46' title='bbox 354 1322 356 1325; x_wconf 32' lang='lat'><em>⁴</em></span> <span class='ocrx_word' id='word_1_47' title='bbox 383 1282 457 1341; x_wconf 85' lang='lat' dir='ltr'>cinre</span> <span class='ocrx_word' id='word_1_48' title='bbox 478 1282 585 1358; x_wconf 77' lang='lat' dir='ltr'><strong>recepti</strong></span> <span class='ocrx_word' id='word_1_49' title='bbox 609 1282 639 1341; x_wconf 93' lang='lat' dir='ltr'>in</span> <span class='ocrx_word' id='word_1_50' title='bbox 671 1281 748 1339; x_wconf 91' lang='lat' dir='ltr'>dicto</span> <span class='ocrx_word' id='word_1_51' title='bbox 780 1280 882 1355; x_wconf 79' lang='lat' dir='ltr'>Regno</span> 
     </span>
     <span class='ocr_line' id='line_1_11' title="bbox 381 1381 485 1445; baseline -0.038 0"><span class='ocrx_word' id='word_1_52' title='bbox 381 1381 485 1445; x_wconf 87' lang='lat' dir='ltr'>Sueeie</span> 
     </span>
    </p>

    <p class='ocr_par' dir='ltr' id='par_1_10' title="bbox 257 1585 1436 1950">
     <span class='ocr_line' id='line_1_12' title="bbox 342 1585 1436 1663; baseline -0.002 -18"><span class='ocrx_word' id='word_1_53' title='bbox 342 1587 413 1645; x_wconf 86' lang='lat' dir='ltr'>Item</span> <span class='ocrx_word' id='word_1_54' title='bbox 432 1588 560 1662; x_wconf 87' lang='lat' dir='ltr'>Recepte</span> <span class='ocrx_word' id='word_1_55' title='bbox 584 1585 750 1645; x_wconf 85' lang='lat' dir='ltr'>dedecima</span> <span class='ocrx_word' id='word_1_56' title='bbox 773 1586 922 1644; x_wconf 78' lang='lat' dir='ltr'>sexennali</span> <span class='ocrx_word' id='word_1_57' title='bbox 943 1587 1075 1663; x_wconf 83' lang='lat' dir='ltr'>predicta</span> <span class='ocrx_word' id='word_1_58' title='bbox 1096 1586 1124 1644; x_wconf 89' lang='lat' dir='ltr'>in</span> <span class='ocrx_word' id='word_1_59' title='bbox 1157 1587 1258 1663; x_wconf 86' lang='lat' dir='ltr'>Regno</span> <span class='ocrx_word' id='word_1_60' title='bbox 1281 1587 1436 1661; x_wconf 82' lang='lat' dir='ltr'>Norwegie</span> 
     </span>
     <span class='ocr_line' id='line_1_13' title="bbox 259 1686 1435 1765; baseline -0.003 -19"><span class='ocrx_word' id='word_1_61' title='bbox 259 1708 316 1748; x_wconf 85' lang='lat' dir='ltr'>.xv.</span> <span class='ocrx_word' id='word_1_62' title='bbox 337 1707 423 1747; x_wconf 86' lang='lat' dir='ltr'>mare.</span> <span class='ocrx_word' id='word_1_63' title='bbox 446 1696 559 1747; x_wconf 87' lang='lat' dir='ltr'>monete</span> <span class='ocrx_word' id='word_1_64' title='bbox 580 1686 727 1747; x_wconf 85' lang='lat' dir='ltr'>Noricene</span> <span class='ocrx_word' id='word_1_65' title='bbox 748 1713 788 1724; x_wconf 95' lang='lat'><em>-</em></span> <span class='ocrx_word' id='word_1_66' title='bbox 811 1696 986 1747; x_wconf 87' lang='lat' dir='ltr'>commutate</span> <span class='ocrx_word' id='word_1_67' title='bbox 1006 1688 1119 1747; x_wconf 87' lang='lat' dir='ltr'>luerunt</span> <span class='ocrx_word' id='word_1_68' title='bbox 1140 1707 1193 1765; x_wconf 90' lang='lat' dir='ltr'>pro</span> <span class='ocrx_word' id='word_1_69' title='bbox 1222 1715 1261 1725; x_wconf 94' lang='lat'>-</span> <span class='ocrx_word' id='word_1_70' title='bbox 1295 1706 1351 1744; x_wconf 68' lang='lat' dir='ltr'>nv.</span> <span class='ocrx_word' id='word_1_71' title='bbox 1384 1688 1435 1746; x_wconf 90' lang='lat' dir='ltr'>sol.</span> 
     </span>
     <span class='ocr_line' id='line_1_14' title="bbox 257 1788 1435 1866; baseline -0.002 -17"><span class='ocrx_word' id='word_1_72' title='bbox 257 1807 347 1865; x_wconf 75' lang='lat' dir='ltr'>grece.</span> <span class='ocrx_word' id='word_1_73' title='bbox 370 1789 591 1849; x_wconf 86' lang='lat' dir='ltr'>Turoneneium.</span> <span class='ocrx_word' id='word_1_74' title='bbox 613 1789 807 1865; x_wconf 86' lang='lat' dir='ltr'>computando</span> <span class='ocrx_word' id='word_1_75' title='bbox 830 1807 956 1848; x_wconf 88' lang='lat' dir='ltr'>marcam</span> <span class='ocrx_word' id='word_1_76' title='bbox 977 1790 1041 1848; x_wconf 86' lang='lat' dir='ltr'>den.</span> <span class='ocrx_word' id='word_1_77' title='bbox 1053 1809 1106 1866; x_wconf 90' lang='lat' dir='ltr'>pro</span> <span class='ocrx_word' id='word_1_78' title='bbox 1118 1788 1144 1864; x_wconf 80' lang='lat' dir='ltr'>‚j.</span> <span class='ocrx_word' id='word_1_79' title='bbox 1156 1788 1207 1847; x_wconf 83' lang='lat' dir='ltr'>eol.</span> <span class='ocrx_word' id='word_1_80' title='bbox 1217 1807 1308 1865; x_wconf 76' lang='lat' dir='ltr'>grues·</span> <span class='ocrx_word' id='word_1_81' title='bbox 1321 1790 1435 1848; x_wconf 89' lang='lat' dir='ltr'>Turon-</span> 
     </span>
     <span class='ocr_line' id='line_1_15' title="bbox 259 1891 377 1950; baseline -0.008 0"><span class='ocrx_word' id='word_1_82' title='bbox 259 1891 377 1950; x_wconf 81' lang='lat' dir='ltr'>ensium</span> 
     </span>
    </p>

    <p class='ocr_par' dir='ltr' id='par_1_11' title="bbox 262 1989 1436 2170">
     <span class='ocr_line' id='line_1_16' title="bbox 340 1989 1436 2068; baseline -0.001 -17"><span class='ocrx_word' id='word_1_83' title='bbox 340 1992 414 2052; x_wconf 88' lang='lat' dir='ltr'>Item</span> <span class='ocrx_word' id='word_1_84' title='bbox 434 1990 549 2050; x_wconf 84' lang='lat' dir='ltr'>inerunt</span> <span class='ocrx_word' id='word_1_85' title='bbox 570 1990 605 2048; x_wconf 91' lang='lat' dir='ltr'>de</span> <span class='ocrx_word' id='word_1_86' title='bbox 627 1989 705 2049; x_wconf 85' lang='lat' dir='ltr'>dicte</span> <span class='ocrx_word' id='word_1_87' title='bbox 726 1989 838 2049; x_wconf 87' lang='lat' dir='ltr'>decima</span> <span class='ocrx_word' id='word_1_88' title='bbox 858 1990 886 2048; x_wconf 92' lang='lat' dir='ltr'>in</span> <span class='ocrx_word' id='word_1_89' title='bbox 910 1991 1010 2049; x_wconf 89' lang='lat' dir='ltr'>eodem</span> <span class='ocrx_word' id='word_1_90' title='bbox 1022 1991 1124 2067; x_wconf 80' lang='lat' dir='ltr'>Regno</span> <span class='ocrx_word' id='word_1_91' title='bbox 1141 1991 1297 2068; x_wconf 85' lang='lat' dir='ltr'>Norwegie</span> <span class='ocrx_word' id='word_1_92' title='bbox 1309 1992 1436 2068; x_wconf 85' lang='lat' dir='ltr'>Recepte</span> 
     </span>
     <span class='ocr_line' id='line_1_17' title="bbox 262 2091 1197 2170; baseline -0.002 -19"><span class='ocrx_word' id='word_1_93' title='bbox 262 2119 296 2131; x_wconf 94' lang='lat'>·-</span> <span class='ocrx_word' id='word_1_94' title='bbox 321 2092 397 2170; x_wconf 68' lang='lat' dir='ltr'>axvij.</span> <span class='ocrx_word' id='word_1_95' title='bbox 417 2092 481 2153; x_wconf 89' lang='lat' dir='ltr'><strong>libr.</strong></span> <span class='ocrx_word' id='word_1_96' title='bbox 502 2091 574 2167; x_wconf 86' lang='lat' dir='ltr'>xiiij.</span> <span class='ocrx_word' id='word_1_97' title='bbox 595 2091 646 2151; x_wconf 85' lang='lat' dir='ltr'>eol.</span> <span class='ocrx_word' id='word_1_98' title='bbox 669 2100 698 2150; x_wconf 90' lang='lat' dir='ltr'>et</span> <span class='ocrx_word' id='word_1_99' title='bbox 719 2111 754 2149; x_wconf 89' lang='lat' dir='ltr'>.v.</span> <span class='ocrx_word' id='word_1_100' title='bbox 779 2092 842 2150; x_wconf 88' lang='lat' dir='ltr'>den.</span> <span class='ocrx_word' id='word_1_101' title='bbox 864 2111 954 2169; x_wconf 77' lang='lat' dir='ltr'>gross.</span> <span class='ocrx_word' id='word_1_102' title='bbox 977 2091 1197 2151; x_wconf 84' lang='lat' dir='ltr'>Turoneneinrn.</span> 
     </span>
    </p>
   </div>
   <div class='ocr_carea' id='block_1_10' title="bbox 938 2311 1435 2388">
    <p class='ocr_par' dir='ltr' id='par_1_12' title="bbox 938 2311 1435 2388">
     <span class='ocr_line' id='line_1_18' title="bbox 938 2311 1435 2388; baseline 0.004 -18"><span class='ocrx_word' id='word_1_103' title='bbox 938 2311 1027 2388; x_wconf 79' lang='lat' dir='ltr'>‚xviij.</span> <span class='ocrx_word' id='word_1_104' title='bbox 1050 2312 1113 2372; x_wconf 82' lang='lat' dir='ltr'>libr.</span> <span class='ocrx_word' id='word_1_105' title='bbox 1137 2313 1175 2371; x_wconf 82' lang='lat' dir='ltr'>ix.</span> <span class='ocrx_word' id='word_1_106' title='bbox 1197 2313 1249 2372; x_wconf 80' lang='lat' dir='ltr'>col.</span> <span class='ocrx_word' id='word_1_107' title='bbox 1271 2323 1348 2371; x_wconf 88' lang='lat' dir='ltr'>etv.</span> <span class='ocrx_word' id='word_1_108' title='bbox 1371 2314 1435 2372; x_wconf 82' lang='lat' dir='ltr'>deri.</span> 
     </span>
    </p>
   </div>
   <div class='ocr_carea' id='block_1_11' title="bbox 362 2363 1264 2490">
    <p class='ocr_par' dir='ltr' id='par_1_13' title="bbox 362 2363 1264 2490">
     <span class='ocr_line' id='line_1_19' title="bbox 362 2363 1264 2490; baseline 0.002 -68"><span class='ocrx_word' id='word_1_109' title='bbox 362 2364 439 2424; x_wconf 86' lang='lat' dir='ltr'>dicte</span> <span class='ocrx_word' id='word_1_110' title='bbox 451 2363 563 2422; x_wconf 86' lang='lat' dir='ltr'>decime</span> <span class='ocrx_word' id='word_1_111' title='bbox 573 2371 754 2440; x_wconf 89' lang='lat' dir='ltr'>receptorum</span> <span class='ocrx_word' id='word_1_112' title='bbox 766 2363 794 2421; x_wconf 93' lang='lat' dir='ltr'>in</span> <span class='ocrx_word' id='word_1_113' title='bbox 808 2363 910 2439; x_wconf 85' lang='lat' dir='ltr'>Regno</span> <span class='ocrx_word' id='word_1_114' title='bbox 938 2433 1023 2490; x_wconf 46' lang='lat' dir='ltr'><strong>gloss</strong></span> <span class='ocrx_word' id='word_1_115' title='bbox 1053 2414 1264 2473; x_wconf 53' lang='lat' dir='ltr'>,tumnensium</span> 
     </span>
    </p>
   </div>
   <div class='ocr_carea' id='block_1_12' title="bbox 260 2257 931 2541">
    <p class='ocr_par' dir='ltr' id='par_1_14' title="bbox 260 2257 931 2541">
     <span class='ocr_line' id='line_1_20' title="bbox 260 2257 910 2338; baseline -0.006 -15"><span class='ocrx_word' id='word_1_116' title='bbox 260 2257 328 2338; x_wconf 75' lang='lat' dir='ltr'>[ap-l</span> <span class='ocrx_word' id='word_1_117' title='bbox 355 2261 474 2323; x_wconf 85' lang='lat' dir='ltr'>Summa</span> <span class='ocrx_word' id='word_1_118' title='bbox 492 2260 678 2338; x_wconf 82' lang='lat' dir='ltr'><strong>pecuniarum</strong></span> <span class='ocrx_word' id='word_1_119' title='bbox 697 2270 726 2319; x_wconf 89' lang='lat' dir='ltr'>et</span> <span class='ocrx_word' id='word_1_120' title='bbox 742 2262 852 2338; x_wconf 80' lang='lat' dir='ltr'>argenti</span> <span class='ocrx_word' id='word_1_121' title='bbox 874 2262 910 2319; x_wconf 85' lang='lat' dir='ltr'>de</span> 
     </span>
     <span class='ocr_line' id='line_1_21' title="bbox 362 2270 931 2541; baseline -0.005 -15"><span class='ocrx_word' id='word_1_122' title='bbox 362 2465 518 2541; x_wconf 83' lang='lat' dir='ltr'>Norwegie</span> <span class='ocrx_word' id='word_1_123' title='bbox 540 2465 577 2523; x_wconf 87' lang='lat' dir='ltr'>ad</span> <span class='ocrx_word' id='word_1_124' title='bbox 599 2482 688 2541; x_wconf 81' lang='lat' dir='ltr'>grues.</span> <span class='ocrx_word' id='word_1_125' title='bbox 718 2270 931 2533; x_wconf 83' lang='lat' dir='ltr'>reductorumi</span> 
     </span>
    </p>
   </div>
   <div class='ocr_carea' id='block_1_13' title="bbox 383 2735 910 3017">
    <p class='ocr_par' dir='ltr' id='par_1_15' title="bbox 383 2735 910 3017">
     <span class='ocr_line' id='line_1_22' title="bbox 384 2735 910 2814; baseline -0.004 -19"><span class='ocrx_word' id='word_1_126' title='bbox 384 2746 412 2795; x_wconf 88' lang='lat' dir='ltr'>et</span> <span class='ocrx_word' id='word_1_127' title='bbox 435 2735 546 2814; x_wconf 80' lang='lat' dir='ltr'><strong>argenti</strong></span> <span class='ocrx_word' id='word_1_128' title='bbox 569 2736 604 2793; x_wconf 90' lang='lat' dir='ltr'>de</span> <span class='ocrx_word' id='word_1_129' title='bbox 626 2736 739 2795; x_wconf 83' lang='lat' dir='ltr'>decime</span> <span class='ocrx_word' id='word_1_130' title='bbox 760 2737 910 2795; x_wconf 85' lang='lat' dir='ltr'>sexannali</span> 
     </span>
     <span class='ocr_line' id='line_1_23' title="bbox 383 2837 910 2916; baseline 0.004 -19"><span class='ocrx_word' id='word_1_131' title='bbox 383 2848 566 2916; x_wconf 88' lang='lat' dir='ltr'>receptorum</span> <span class='ocrx_word' id='word_1_132' title='bbox 586 2837 616 2896; x_wconf 90' lang='lat' dir='ltr'>in</span> <span class='ocrx_word' id='word_1_133' title='bbox 638 2837 720 2897; x_wconf 84' lang='lat' dir='ltr'>dictis</span> <span class='ocrx_word' id='word_1_134' title='bbox 731 2839 822 2899; x_wconf 87' lang='lat' dir='ltr'>tribus</span> <span class='ocrx_word' id='word_1_135' title='bbox 833 2841 910 2916; x_wconf 83' lang='lat' dir='ltr'>Reg-</span> 
     </span>
     <span class='ocr_line' id='line_1_24' title="bbox 383 2939 839 3017; baseline -0.004 -17"><span class='ocrx_word' id='word_1_136' title='bbox 383 2941 428 3001; x_wconf 84' lang='lat' dir='ltr'>nis</span> <span class='ocrx_word' id='word_1_137' title='bbox 450 2942 624 3017; x_wconf 77' lang='lat' dir='ltr'>adgressos</span> <span class='ocrx_word' id='word_1_138' title='bbox 646 2939 839 3000; x_wconf 90' lang='lat' dir='ltr'>reductorum.</span> 
     </span>
    </p>
   </div>
   <div class='ocr_carea' id='block_1_14' title="bbox 936 2736 1437 2915">
    <p class='ocr_par' dir='ltr' id='par_1_16' title="bbox 936 2736 1437 2915">
     <span class='ocr_line' id='line_1_25' title="bbox 936 2736 1437 2812; baseline 0 -17"><span class='ocrx_word' id='word_1_139' title='bbox 936 2736 1108 2812; x_wconf 61' lang='lat' dir='ltr'>‚cclxxxviii</span> <span class='ocrx_word' id='word_1_140' title='bbox 1137 2738 1201 2797; x_wconf 86' lang='lat' dir='ltr'><strong>libr.</strong></span> <span class='ocrx_word' id='word_1_141' title='bbox 1234 2748 1263 2795; x_wconf 89' lang='lat' dir='ltr'>et</span> <span class='ocrx_word' id='word_1_142' title='bbox 1294 2736 1340 2812; x_wconf 89' lang='lat' dir='ltr'>.vj.</span> <span class='ocrx_word' id='word_1_143' title='bbox 1374 2737 1437 2795; x_wconf 83' lang='lat' dir='ltr'>den.</span> 
     </span>
     <span class='ocr_line' id='line_1_26' title="bbox 936 2839 1270 2915; baseline 0.003 -19"><span class='ocrx_word' id='word_1_144' title='bbox 936 2857 1026 2915; x_wconf 83' lang='lat' dir='ltr'>grues.</span> <span class='ocrx_word' id='word_1_145' title='bbox 1049 2839 1270 2899; x_wconf 86' lang='lat' dir='ltr'>Turoneneium.</span> 
     </span>
    </p>
   </div>
   <div class='ocr_carea' id='block_1_15' title="bbox 383 2634 1535 3000">
    <p class='ocr_par' dir='ltr' id='par_1_17' title="bbox 383 2634 1535 3000">
     <span class='ocr_line' id='line_1_27' title="bbox 383 2634 1535 3000; baseline 0.004 -305"><span class='ocrx_word' id='word_1_146' title='bbox 383 2635 503 2696; x_wconf 87' lang='lat' dir='ltr'>Summa</span> <span class='ocrx_word' id='word_1_147' title='bbox 524 2654 700 2694; x_wconf 77' lang='lat' dir='ltr'>summarum</span> <span class='ocrx_word' id='word_1_148' title='bbox 721 2634 932 3000; x_wconf 61' lang='lat' dir='ltr'>pecuniarum3</span> <span class='ocrx_word' id='word_1_149' title='bbox 1450 2662 1535 2700; x_wconf 60' lang='lat' dir='ltr'>faena.</span> 
     </span>
    </p>
   </div>
   <div class='ocr_carea' id='block_1_16' title="bbox 283 3210 1253 3435">
    <p class='ocr_par' dir='ltr' id='par_1_18' title="bbox 283 3210 1253 3435">
     <span class='ocr_line' id='line_1_28' title="bbox 938 3210 1253 3287; baseline 0.013 -20"><span class='ocrx_word' id='word_1_150' title='bbox 938 3210 992 3287; x_wconf 91' lang='lat' dir='ltr'>.lvj.</span> <span class='ocrx_word' id='word_1_151' title='bbox 1015 3212 1079 3269; x_wconf 89' lang='lat' dir='ltr'>den.</span> <span class='ocrx_word' id='word_1_152' title='bbox 1101 3213 1136 3270; x_wconf 85' lang='lat' dir='ltr'>de</span> <span class='ocrx_word' id='word_1_153' title='bbox 1158 3232 1253 3272; x_wconf 84' lang='lat' dir='ltr'>massa</span> 
     </span>
     <span class='ocr_line' id='line_1_29' title="bbox 283 3295 1087 3435; baseline 0.005 -80"><span class='ocrx_word' id='word_1_154' title='bbox 283 3335 324 3435; x_wconf 55' lang='grc' dir='ltr'><em>ὅ</em></span> <span class='ocrx_word' id='word_1_155' title='bbox 385 3296 505 3357; x_wconf 84' lang='lat' dir='ltr'>Summa</span> <span class='ocrx_word' id='word_1_156' title='bbox 529 3295 622 3355; x_wconf 81' lang='lat' dir='ltr'>tocius</span> <span class='ocrx_word' id='word_1_157' title='bbox 649 3296 711 3355; x_wconf 87' lang='lat' dir='ltr'>auri</span> <span class='ocrx_word' id='word_1_158' title='bbox 740 3296 849 3374; x_wconf 78' lang='lat' dir='ltr'>recepti</span> <span class='ocrx_word' id='word_1_159' title='bbox 875 3297 911 3355; x_wconf 89' lang='lat' dir='ltr'>de</span> <span class='ocrx_word' id='word_1_160' title='bbox 938 3312 985 3389; x_wconf 67' lang='lat' dir='ltr'>jij,</span> <span class='ocrx_word' id='word_1_161' title='bbox 1008 3312 1087 3389; x_wconf 74' lang='lat' dir='ltr'>Agni</span> 
     </span>
    </p>
   </div>
   <div class='ocr_carea' id='block_1_17' title="bbox 385 3398 1439 3491">
    <p class='ocr_par' dir='ltr' id='par_1_19' title="bbox 385 3398 1439 3491">
     <span class='ocr_line' id='line_1_30' title="bbox 385 3398 1439 3491; baseline 0.009 -34"><span class='ocrx_word' id='word_1_162' title='bbox 385 3399 465 3459; x_wconf 76' lang='lat' dir='ltr'>dicte</span> <span class='ocrx_word' id='word_1_163' title='bbox 484 3398 596 3458; x_wconf 86' lang='lat' dir='ltr'>decima</span> <span class='ocrx_word' id='word_1_164' title='bbox 618 3398 645 3457; x_wconf 92' lang='lat' dir='ltr'>in</span> <span class='ocrx_word' id='word_1_165' title='bbox 668 3398 751 3457; x_wconf 82' lang='lat' dir='ltr'>dictis</span> <span class='ocrx_word' id='word_1_166' title='bbox 772 3399 889 3475; x_wconf 81' lang='lat' dir='ltr'>Regnie.</span> <span class='ocrx_word' id='word_1_167' title='bbox 938 3414 974 3491; x_wconf 54' lang='lat' dir='ltr'>‚ijfi</span> <span class='ocrx_word' id='word_1_168' title='bbox 1007 3432 1095 3474; x_wconf 65' lang='lat' dir='ltr'>mm,</span> <span class='ocrx_word' id='word_1_169' title='bbox 1126 3434 1192 3474; x_wconf 68' lang='lat' dir='ltr'>eum</span> <span class='ocrx_word' id='word_1_170' title='bbox 1232 3414 1349 3472; x_wconf 81' lang='lat' dir='ltr'>dimidio</span> <span class='ocrx_word' id='word_1_171' title='bbox 1385 3414 1439 3479; x_wconf 84' lang='lat' dir='ltr'>sol,</span> 
     </span>
    </p>
   </div>
   <div class='ocr_carea' id='block_1_18' title="bbox 260 3087 1428 3384">
    <p class='ocr_par' dir='ltr' id='par_1_20' title="bbox 260 3087 1428 3384">
     <span class='ocr_line' id='line_1_31' title="bbox 260 3087 1359 3384; baseline 0.002 -217"><span class='ocrx_word' id='word_1_172' title='bbox 260 3087 332 3171; x_wconf 73' lang='lat' dir='ltr'>[ap]</span> <span class='ocrx_word' id='word_1_173' title='bbox 937 3116 977 3166; x_wconf 78' lang='lat' dir='ltr'><strong>.v⁰.</strong></span> <span class='ocrx_word' id='word_1_174' title='bbox 998 3109 1127 3185; x_wconf 86' lang='lat' dir='ltr'>lxxxviij.</span> <span class='ocrx_word' id='word_1_175' title='bbox 1147 3112 1209 3169; x_wconf 86' lang='lat' dir='ltr'>flor.</span> <span class='ocrx_word' id='word_1_176' title='bbox 1232 3111 1316 3187; x_wconf 86' lang='lat' dir='ltr'>parui</span> <span class='ocrx_word' id='word_1_177' title='bbox 1343 3123 1359 3384; x_wconf 54' lang='grc' dir='ltr'><em>ξ</em></span> 
     </span>
     <span class='ocr_line' id='line_1_32' title="bbox 1365 3231 1428 3270; baseline 0 -1"><span class='ocrx_word' id='word_1_178' title='bbox 1365 3231 1428 3270; x_wconf 86' lang='lat' dir='ltr'>eun</span> 
     </span>
    </p>
   </div>
   <div class='ocr_carea' id='block_1_19' title="bbox 937 3514 1439 3694">
    <p class='ocr_par' dir='ltr' id='par_1_21' title="bbox 937 3514 1439 3694">
     <span class='ocr_line' id='line_1_33' title="bbox 939 3514 1439 3593; baseline 0.002 -19"><span class='ocrx_word' id='word_1_179' title='bbox 939 3515 1001 3575; x_wconf 87' lang='lat' dir='ltr'>auri</span> <span class='ocrx_word' id='word_1_180' title='bbox 1022 3514 1052 3573; x_wconf 94' lang='lat' dir='ltr'>in</span> <span class='ocrx_word' id='word_1_181' title='bbox 1063 3535 1164 3577; x_wconf 84' lang='lat' dir='ltr'>masse.</span> <span class='ocrx_word' id='word_1_182' title='bbox 1178 3516 1275 3593; x_wconf 84' lang='lat' dir='ltr'>pixide</span> <span class='ocrx_word' id='word_1_183' title='bbox 1287 3516 1349 3576; x_wconf 84' lang='lat' dir='ltr'>auri</span> <span class='ocrx_word' id='word_1_184' title='bbox 1362 3536 1439 3575; x_wconf 90' lang='lat' dir='ltr'>com·</span> 
     </span>
     <span class='ocr_line' id='line_1_34' title="bbox 937 3624 1047 3694; baseline 0.009 -19"><span class='ocrx_word' id='word_1_185' title='bbox 937 3624 1047 3694; x_wconf 86' lang='lat' dir='ltr'>putata.</span> 
     </span>
    </p>
   </div>
   <div class='ocr_carea' id='block_1_20' title="bbox 371 3600 379 3629">
    <p class='ocr_par' dir='ltr' id='par_1_22' title="bbox 371 3600 379 3629">
     <span class='ocr_line' id='line_1_35' title="bbox 371 3600 379 3629; baseline 0 0"><span class='ocrx_word' id='word_1_186' title='bbox 371 3600 379 3629; x_wconf 83' lang='lat' dir='ltr'>l</span> 
     </span>
    </p>
   </div>
   <div class='ocr_carea' id='block_1_21' title="bbox 262 3788 1441 4275">
    <p class='ocr_par' dir='ltr' id='par_1_23' title="bbox 262 3788 1441 4275">
     <span class='ocr_line' id='line_1_36' title="bbox 346 3788 1441 3865; baseline -0.005 -16"><span class='ocrx_word' id='word_1_187' title='bbox 346 3789 418 3849; x_wconf 88' lang='lat' dir='ltr'>Item</span> <span class='ocrx_word' id='word_1_188' title='bbox 429 3789 558 3865; x_wconf 79' lang='lat' dir='ltr'>Recepto</span> <span class='ocrx_word' id='word_1_189' title='bbox 580 3789 616 3847; x_wconf 90' lang='lat' dir='ltr'>de</span> <span class='ocrx_word' id='word_1_190' title='bbox 639 3807 726 3848; x_wconf 81' lang='lat' dir='ltr'>censu</span> <span class='ocrx_word' id='word_1_191' title='bbox 749 3789 869 3848; x_wconf 83' lang='lat' dir='ltr'>ecclesie</span> <span class='ocrx_word' id='word_1_192' title='bbox 890 3789 1021 3849; x_wconf 81' lang='lat' dir='ltr'>Romane</span> <span class='ocrx_word' id='word_1_193' title='bbox 1043 3789 1090 3865; x_wconf 92' lang='lat' dir='ltr'>qui</span> <span class='ocrx_word' id='word_1_194' title='bbox 1114 3789 1247 3848; x_wconf 84' lang='lat' dir='ltr'>denarius</span> <span class='ocrx_word' id='word_1_195' title='bbox 1267 3788 1343 3847; x_wconf 87' lang='lat' dir='ltr'>beati</span> <span class='ocrx_word' id='word_1_196' title='bbox 1361 3788 1441 3847; x_wconf 89' lang='lat' dir='ltr'>Petri</span> 
     </span>
     <span class='ocr_line' id='line_1_37' title="bbox 263 3890 1441 3968; baseline -0.003 -18"><span class='ocrx_word' id='word_1_197' title='bbox 263 3899 388 3951; x_wconf 83' lang='lat' dir='ltr'>vocetur</span> <span class='ocrx_word' id='word_1_198' title='bbox 408 3892 437 3949; x_wconf 88' lang='lat' dir='ltr'>in</span> <span class='ocrx_word' id='word_1_199' title='bbox 460 3890 541 3968; x_wconf 82' lang='lat' dir='ltr'>regni</span> <span class='ocrx_word' id='word_1_200' title='bbox 563 3891 656 3950; x_wconf 87' lang='lat' dir='ltr'>Decie</span> <span class='ocrx_word' id='word_1_201' title='bbox 678 3891 778 3967; x_wconf 86' lang='lat' dir='ltr'>.lxxiij.</span> <span class='ocrx_word' id='word_1_202' title='bbox 797 3909 886 3950; x_wconf 84' lang='lat' dir='ltr'>marc.</span> <span class='ocrx_word' id='word_1_203' title='bbox 911 3910 976 3952; x_wconf 88' lang='lat' dir='ltr'>cum</span> <span class='ocrx_word' id='word_1_204' title='bbox 998 3891 1116 3950; x_wconf 85' lang='lat' dir='ltr'>dimidia</span> <span class='ocrx_word' id='word_1_205' title='bbox 1138 3901 1166 3949; x_wconf 88' lang='lat' dir='ltr'>et</span> <span class='ocrx_word' id='word_1_206' title='bbox 1183 3890 1239 3966; x_wconf 85' lang='lat' dir='ltr'>.xij.</span> <span class='ocrx_word' id='word_1_207' title='bbox 1252 3891 1316 3948; x_wconf 88' lang='lat' dir='ltr'>den.</span> <span class='ocrx_word' id='word_1_208' title='bbox 1329 3899 1441 3948; x_wconf 88' lang='lat' dir='ltr'>monete</span> 
     </span>
     <span class='ocr_line' id='line_1_38' title="bbox 262 3990 1440 4070; baseline -0.005 -15"><span class='ocrx_word' id='word_1_209' title='bbox 262 3992 427 4055; x_wconf 81' lang='lat' dir='ltr'>Seaniensie</span> <span class='ocrx_word' id='word_1_210' title='bbox 450 4002 624 4053; x_wconf 83' lang='lat' dir='ltr'>commutate</span> <span class='ocrx_word' id='word_1_211' title='bbox 645 3993 760 4052; x_wconf 87' lang='lat' dir='ltr'>fuerunt</span> <span class='ocrx_word' id='word_1_212' title='bbox 781 4012 833 4069; x_wconf 90' lang='lat' dir='ltr'>pro</span> <span class='ocrx_word' id='word_1_213' title='bbox 856 4027 892 4036; x_wconf 88' lang='lat'>-—</span> <span class='ocrx_word' id='word_1_214' title='bbox 918 3993 964 4068; x_wconf 84' lang='lat' dir='ltr'>iij.</span> <span class='ocrx_word' id='word_1_215' title='bbox 985 3994 1049 4052; x_wconf 86' lang='lat' dir='ltr'>libr.</span> <span class='ocrx_word' id='word_1_216' title='bbox 1072 3994 1141 4070; x_wconf 88' lang='lat' dir='ltr'>xiiij.</span> <span class='ocrx_word' id='word_1_217' title='bbox 1164 3993 1266 4053; x_wconf 85' lang='lat' dir='ltr'>solet</span> <span class='ocrx_word' id='word_1_218' title='bbox 1295 3990 1342 4066; x_wconf 88' lang='lat' dir='ltr'><strong>.vj.</strong></span> <span class='ocrx_word' id='word_1_219' title='bbox 1376 3991 1440 4049; x_wconf 87' lang='lat' dir='ltr'>den.</span> 
     </span>
     <span class='ocr_line' id='line_1_39' title="bbox 263 4093 1441 4171; baseline -0.003 -17"><span class='ocrx_word' id='word_1_220' title='bbox 263 4113 329 4155; x_wconf 88' lang='lat' dir='ltr'>eum</span> <span class='ocrx_word' id='word_1_221' title='bbox 352 4094 468 4152; x_wconf 89' lang='lat' dir='ltr'>dimidio</span> <span class='ocrx_word' id='word_1_222' title='bbox 489 4113 580 4171; x_wconf 82' lang='lat' dir='ltr'>grues.</span> <span class='ocrx_word' id='word_1_223' title='bbox 604 4095 824 4154; x_wconf 87' lang='lat' dir='ltr'>Turonensium.</span> <span class='ocrx_word' id='word_1_224' title='bbox 847 4095 1041 4170; x_wconf 86' lang='lat' dir='ltr'>computando</span> <span class='ocrx_word' id='word_1_225' title='bbox 1063 4114 1191 4155; x_wconf 88' lang='lat' dir='ltr'>marcam</span> <span class='ocrx_word' id='word_1_226' title='bbox 1210 4097 1337 4170; x_wconf 81' lang='lat' dir='ltr'>denpro</span> <span class='ocrx_word' id='word_1_227' title='bbox 1350 4093 1375 4169; x_wconf 90' lang='lat' dir='ltr'>.j.</span> <span class='ocrx_word' id='word_1_228' title='bbox 1388 4094 1441 4153; x_wconf 87' lang='lat' dir='ltr'>sol.</span> 
     </span>
     <span class='ocr_line' id='line_1_40' title="bbox 264 4197 596 4275; baseline -0.012 -18"><span class='ocrx_word' id='word_1_229' title='bbox 264 4215 353 4275; x_wconf 78' lang='lat' dir='ltr'>grues.</span> <span class='ocrx_word' id='word_1_230' title='bbox 374 4197 596 4257; x_wconf 87' lang='lat' dir='ltr'>Turonensium.</span> 
     </span>
    </p>
   </div>
   <div class='ocr_carea' id='block_1_22' title="bbox 264 4365 1441 4547">
    <p class='ocr_par' dir='ltr' id='par_1_24' title="bbox 264 4365 1441 4547">
     <span class='ocr_line' id='line_1_41' title="bbox 347 4365 1441 4444; baseline -0.004 -17"><span class='ocrx_word' id='word_1_231' title='bbox 347 4368 422 4427; x_wconf 89' lang='lat' dir='ltr'>Item</span> <span class='ocrx_word' id='word_1_232' title='bbox 442 4368 572 4444; x_wconf 85' lang='lat' dir='ltr'>Recepte</span> <span class='ocrx_word' id='word_1_233' title='bbox 594 4366 630 4425; x_wconf 88' lang='lat' dir='ltr'>de</span> <span class='ocrx_word' id='word_1_234' title='bbox 652 4367 755 4425; x_wconf 89' lang='lat' dir='ltr'>eodem</span> <span class='ocrx_word' id='word_1_235' title='bbox 777 4385 865 4427; x_wconf 81' lang='lat' dir='ltr'>censu</span> <span class='ocrx_word' id='word_1_236' title='bbox 886 4366 916 4425; x_wconf 92' lang='lat' dir='ltr'>in</span> <span class='ocrx_word' id='word_1_237' title='bbox 938 4365 1014 4425; x_wconf 89' lang='lat' dir='ltr'>dicto</span> <span class='ocrx_word' id='word_1_238' title='bbox 1036 4367 1138 4444; x_wconf 83' lang='lat' dir='ltr'>Regno</span> <span class='ocrx_word' id='word_1_239' title='bbox 1160 4366 1253 4426; x_wconf 87' lang='lat' dir='ltr'>Dacie</span> <span class='ocrx_word' id='word_1_240' title='bbox 1281 4395 1318 4402; x_wconf 92' lang='lat'>-·</span> <span class='ocrx_word' id='word_1_241' title='bbox 1354 4366 1441 4442; x_wconf 65' lang='lat' dir='ltr'>ulvij.</span> 
     </span>
     <span class='ocr_line' id='line_1_42' title="bbox 264 4467 670 4547; baseline -0.01 -18"><span class='ocrx_word' id='word_1_242' title='bbox 264 4470 316 4529; x_wconf 86' lang='lat' dir='ltr'>eol.</span> <span class='ocrx_word' id='word_1_243' title='bbox 336 4489 426 4547; x_wconf 84' lang='lat' dir='ltr'>gross.</span> <span class='ocrx_word' id='word_1_244' title='bbox 448 4467 670 4529; x_wconf 86' lang='lat' dir='ltr'>Turonensium.</span> 
     </span>
    </p>
   </div>
   <div class='ocr_carea' id='block_1_23' title="bbox 308 4632 1444 4916">
    <p class='ocr_par' dir='ltr' id='par_1_25' title="bbox 308 4632 1444 4916">
     <span class='ocr_line' id='line_1_43' title="bbox 308 4632 1443 4716; baseline -0.002 -20"><span class='ocrx_word' id='word_1_245' title='bbox 308 4632 373 4715; x_wconf 84' lang='lat' dir='ltr'>[apl.</span> <span class='ocrx_word' id='word_1_246' title='bbox 415 4637 536 4698; x_wconf 87' lang='lat' dir='ltr'>Summa</span> <span class='ocrx_word' id='word_1_247' title='bbox 557 4637 744 4714; x_wconf 83' lang='lat' dir='ltr'>pecuniarum</span> <span class='ocrx_word' id='word_1_248' title='bbox 778 4647 806 4696; x_wconf 88' lang='lat' dir='ltr'>et</span> <span class='ocrx_word' id='word_1_249' title='bbox 837 4639 949 4716; x_wconf 86' lang='lat' dir='ltr'>argenti</span> <span class='ocrx_word' id='word_1_250' title='bbox 982 4640 1017 4697; x_wconf 89' lang='lat' dir='ltr'>de</span> <span class='ocrx_word' id='word_1_251' title='bbox 1045 4638 1089 4714; x_wconf 88' lang='lat' dir='ltr'><strong>.vj.</strong></span> <span class='ocrx_word' id='word_1_252' title='bbox 1110 4638 1175 4697; x_wconf 84' lang='lat' dir='ltr'>libr.</span> <span class='ocrx_word' id='word_1_253' title='bbox 1198 4637 1283 4712; x_wconf 88' lang='lat' dir='ltr'>et.vj.</span> <span class='ocrx_word' id='word_1_254' title='bbox 1302 4637 1443 4695; x_wconf 80' lang='lat' dir='ltr'>demeum</span> 
     </span>
     <span class='ocr_line' id='line_1_44' title="bbox 411 4739 1444 4817; baseline -0.001 -20"><span class='ocrx_word' id='word_1_255' title='bbox 411 4740 488 4798; x_wconf 90' lang='lat' dir='ltr'>dicto</span> <span class='ocrx_word' id='word_1_256' title='bbox 523 4759 611 4798; x_wconf 83' lang='lat' dir='ltr'>censu</span> <span class='ocrx_word' id='word_1_257' title='bbox 642 4748 823 4817; x_wconf 86' lang='lat' dir='ltr'>receptorum</span> <span class='ocrx_word' id='word_1_258' title='bbox 852 4741 882 4799; x_wconf 90' lang='lat' dir='ltr'>in</span> <span class='ocrx_word' id='word_1_259' title='bbox 915 4741 1017 4816; x_wconf 82' lang='lat' dir='ltr'>Regno</span> <span class='ocrx_word' id='word_1_260' title='bbox 1046 4739 1162 4798; x_wconf 88' lang='lat' dir='ltr'>dimidio</span> <span class='ocrx_word' id='word_1_261' title='bbox 1184 4759 1272 4817; x_wconf 84' lang='lat' dir='ltr'>grose.</span> <span class='ocrx_word' id='word_1_262' title='bbox 1292 4739 1444 4798; x_wconf 88' lang='lat' dir='ltr'>Turonen-</span> 
     </span>
     <span class='ocr_line' id='line_1_45' title="bbox 411 4840 1126 4916; baseline -0.001 -17"><span class='ocrx_word' id='word_1_263' title='bbox 411 4841 504 4902; x_wconf 87' lang='lat' dir='ltr'>Decie</span> <span class='ocrx_word' id='word_1_264' title='bbox 526 4841 564 4899; x_wconf 86' lang='lat' dir='ltr'>ad</span> <span class='ocrx_word' id='word_1_265' title='bbox 585 4858 700 4916; x_wconf 76' lang='lat' dir='ltr'>grossos</span> <span class='ocrx_word' id='word_1_266' title='bbox 719 4843 913 4902; x_wconf 87' lang='lat' dir='ltr'>reductorum.</span> <span class='ocrx_word' id='word_1_267' title='bbox 1044 4840 1126 4900; x_wconf 85' lang='lat' dir='ltr'>eium.</span> 
     </span>
    </p>
   </div>
   <div class='ocr_carea' id='block_1_24' title="bbox 0 0 1800 5625">
    <p class='ocr_par' dir='ltr' id='par_1_26' title="bbox 0 0 1800 5625">
     <span class='ocr_line' id='line_1_46' title="bbox 0 0 1800 5625; baseline 0 0"><span class='ocrx_word' id='word_1_268' title='bbox 0 0 1800 5625; x_wconf 95' lang='lat' dir='ltr'> </span> 
     </span>
    </p>
   </div>
  </div>
 </body>
</html>
