3584 5625
855 443 872 503 6

349 627 396 685 De
412 626 550 703 predictis
571 628 697 687 marchis
719 630 903 689 denariorum
925 613 1100 705 hupreorum
1123 628 1235 704 argenti
1258 637 1287 687 et
1308 627 1458 686 aurifacte

265 737 333 787 sunt
354 731 593 789 commutationes
613 730 793 807 infrascripta
815 732 853 790 ad
875 739 1026 807 argentum
1050 740 1078 790 et
1096 731 1281 790 Turonenses
1303 750 1355 805 per
1375 730 1457 786 mod·

167 844 172 852 ‘
266 848 316 887 um
331 828 559 907 jnfraacriptum.

350 930 492 1008 imprimis
504 933 540 990 de
557 932 681 992 marchis
704 932 888 992 denariorum
911 952 1084 1010 cupreornm
1105 932 1220 991 canbite
1240 942 1309 991 sunt
1330 933 1367 990 ad
1391 951 1457 1008 arg·

265 1040 363 1089 entum
395 1060 430 1070 -
460 1032 561 1108 xxiiijc
597 1035 733 1093 cclxxxv·
763 1037 879 1095 marche
902 1035 1085 1095 denariorum
1107 1053 1289 1111 capreorum,
1311 1051 1365 1109 pro
1391 1034 1456 1109 qui-

264 1133 319 1191 bus
350 1134 447 1192 habite
479 1145 546 1193 sunt
578 1135 608 1193 in
636 1143 757 1211 argento
785 1135 823 1193 ad
851 1138 966 1213 pondus
995 1137 1142 1196 Trecense
1166 1171 1202 1179 -
1227 1134 1286 1210 iiijr
1328 1133 1455 1210 cclxxiij.

268 1234 385 1292 marche
413 1237 524 1311 argenti
551 1237 580 1295 in
608 1238 736 1313 pondere
758 1237 906 1296 Trecensi.
948 1237 989 1295 Et
1013 1265 1047 1275 -
1073 1258 1098 1296 c.
1119 1257 1169 1295 xx.
1199 1237 1317 1296 marche
1345 1237 1456 1312 argenti

268 1335 299 1392 in
321 1335 448 1411 pondere
469 1337 571 1397 Dacie.
613 1338 661 1397 De
683 1337 788 1414 quibus
809 1338 906 1397 habite
927 1347 994 1396 sunt
1016 1341 1053 1397 ad
1075 1341 1189 1415 pondus
1200 1341 1347 1400 Trecense
1371 1365 1406 1374 -
1432 1358 1456 1394 c.

269 1434 307 1511 vj.
330 1438 446 1495 marche
468 1458 504 1496 .v.
526 1439 610 1498 vnoie
633 1449 661 1497 et
676 1438 699 1514 j.
722 1447 841 1514 quartus
864 1439 976 1514 argenti
999 1440 1027 1498 in
1050 1442 1178 1516 pondere
1201 1439 1348 1498 Trecensi.

164 1554 195 1593 m.
206 1552 234 1592 ιτ.
244 1554 261 1593 s.
348 1537 420 1595 Item
442 1540 478 1596 dc
496 1540 633 1615 predictis
651 1540 775 1597 marchis
787 1540 899 1615 argenti
910 1540 1003 1599 Dacia
1014 1541 1043 1598 in
1055 1542 1184 1618 pondere
1198 1540 1313 1599 Danico
1326 1559 1456 1598 commu·

264 1737 294 1795 in
321 1740 448 1815 pondere
477 1740 580 1814 Dacie,
602 1762 656 1819 pro
678 1742 782 1818 quibus
811 1743 908 1801 habite
935 1754 1002 1801 sunt
1029 1744 1058 1801 in
1091 1744 1219 1819 pondere
1251 1743 1391 1801 Trecensi
1422 1776 1450 1783 -

265 1838 308 1913 vj?
336 1839 385 1914 lxj.
398 1839 523 1901 'marche
545 1852 574 1901 et
596 1842 652 1919 xij.
674 1843 757 1902 vncie
779 1846 890 1920 argenti
913 1839 951 1904 ad
971 1845 1084 1921 pondus
1097 1845 1253 1903 Treceuse.

264 1983 265 1986 η
348 1941 422 2000 Item
445 1944 481 2001 de
504 1943 547 2001 cl.
569 1945 694 2002 marchis
722 1945 833 2021 argenti
863 1945 957 2006 Dacie
978 1947 1057 2023 quod
1087 1946 1192 2004 dicitur
1213 1946 1249 2003 de
1277 1943 1394 2003 Riualia
1426 1944 1455 2001 in

269 2044 514 2119 pondoeeSuecie
529 2045 627 2103 habite
648 2054 716 2104 sunt
740 2076 775 2084 -
799 2045 916 2120 cxxviij.
938 2050 1055 2106 marche
1077 2055 1107 2104 et
1129 2065 1169 2103 .x.
1194 2046 1323 2121 sterlingi
1344 2044 1455 2120 argenti

268 2145 306 2202 ad
328 2147 443 2221 pondus
464 2146 618 2206 Treceuse.

348 2246 424 2305 Item
446 2248 482 2306 de
505 2248 628 2307 marchis
651 2247 833 2307 denariorum
852 2250 887 2307 de
900 2248 1006 2310 Suesia
1028 2249 1142 2308 canbite
1164 2259 1232 2307 sunt
1253 2249 1290 2307 ad
1304 2256 1455 2323 argentum

265 2345 305 2390 -'-
327 2346 375 2423 ij
400 2356 432 2407 vt
474 2350 553 2427 xxiij.
583 2351 699 2409 marche
728 2362 755 2409 et
782 2352 877 2409 media
907 2351 1090 2410 denariorum
1119 2351 1233 2421 Succie,
1264 2369 1317 2427 pro
1349 2350 1455 2425 quibus

263 2450 361 2509 habite
383 2462 450 2509 sunt
474 2486 511 2494 -
534 2470 571 2509 m.
594 2472 678 2511 ccxx.
699 2454 815 2511 marche
837 2473 873 2511 .v.
896 2454 990 2527 vnete,
1012 2461 1041 2511 et
1064 2473 1101 2511 x„
1123 2452 1254 2529 sterlingi
1287 2450 1399 2527 argenti
1426 2451 1455 2507 in

265 2552 394 2627 pondere
417 2552 565 2611 Trecensi.
709 2559 712 2566 '

347 2653 422 2712 Item
453 2683 479 2692 -
508 2674 532 2712 c.
555 2653 634 2729 lxvij.
662 2656 778 2713 marche
805 2656 917 2731 argenti
945 2655 974 2714 in
996 2658 1124 2732 pondere
1146 2655 1251 2715 Succie
1279 2663 1454 2713 commutate
1540 2697 1542 2700 v

264 2763 331 2815 sunt
352 2773 405 2830 pro
430 2786 465 2797 -
490 2754 566 2831 cxiij.
590 2755 713 2815 marchis
736 2766 765 2814 et
786 2755 844 2832 iiij.
868 2756 959 2832 vncijs
979 2758 1092 2834 argenti
1114 2756 1152 2814 ad
1173 2756 1452 2834 pondusTrecense.

351 2857 426 2916 Item
454 2859 490 2916 de
516 2859 640 2918 marchis
661 2858 845 2918 denariorum
867 2860 960 2917 Dacia
983 2858 1097 2918 canbite
1118 2859 1244 2918 suntad
1266 2860 1453 2916 Turonenses

268 2987 303 2996 -
337 2967 417 3016 xxvt¹
463 2961 522 3018 lxv.
554 2961 669 3018 marche
703 2961 899 3034 denariorum,
938 2981 991 3037 pro
1024 2961 1129 3036 quibus
1166 2959 1265 3018 habita
1297 2938 1370 3017 sunt
1396 2960 1453 3035 ,xjc

207 3102 210 3106 ·
265 3061 515 3141 vtlxxiiij51ibre
538 3072 566 3120 et
589 3060 654 3137 xvj.
677 3061 762 3120 solidi
785 3054 1008 3123 Turonensium.

351 3164 426 3222 Item
448 3164 627 3223 demarchis
650 3163 831 3222 denariorum
855 3164 959 3224 Suecie
982 3165 1096 3224 canbite
1118 3165 1244 3222 suntad
1267 3165 1454 3222 Turonenses

265 3293 305 3304 ·-
327 3273 364 3322 vu
389 3265 450 3342 vjt-
474 3266 595 3323 lxxxxv.
619 3267 735 3324 marche
758 3266 951 3339 denariorum,
984 3285 1036 3342 pro
1063 3267 1170 3342 quibus
1198 3265 1296 3324 habite
1324 3273 1390 3323 sunt
1416 3290 1450 3300 -

263 3364 302 3441 ijc
328 3365 369 3441 vj?
390 3348 460 3443 xxij.
482 3366 556 3425 libre
577 3375 605 3424 et
625 3366 682 3442 xvj.
706 3367 792 3426 solidi
814 3350 1037 3426 Turonensium.

349 3472 421 3528 Item
443 3498 484 3507 -
507 3488 530 3527 c.
551 3467 652 3543 lxxvij.
676 3469 792 3528 marche
814 3469 997 3528 denariorum
1020 3468 1056 3526 de
1077 3471 1144 3527 Rua
1166 3479 1195 3526 et
1213 3468 1310 3527 Dacia
1339 3465 1454 3526 canbite

263 3581 330 3631 sunt
351 3573 388 3630 ad
401 3572 594 3629 Turonenses.
618 3589 670 3646 pro
693 3570 798 3646 quibus
820 3571 917 3628 habite
937 3581 1005 3630 sunt
1016 3599 1056 3607 -
1068 3590 1134 3631 cxx.
1147 3571 1220 3628 libre
1231 3568 1454 3627 'turonensium

348 3673 422 3731 Item
445 3701 480 3710 -
505 3672 544 3748 iij.
567 3672 683 3729 marche
706 3670 784 3746 xiiij.
808 3671 937 3747 sterlingi
960 3674 996 3730 de
1017 3692 1089 3730 auro
1112 3672 1226 3730 canbite
1244 3670 1362 3730 suntad
1377 3670 1453 3728 Tur·

265 3794 387 3835 onenses
408 3794 461 3852 pro
484 3775 588 3850 quibus
609 3773 707 3831 habite
729 3782 797 3831 sunt
816 3801 850 3810 -
866 3773 956 3830 dxxv.
979 3773 1051 3831 libre
1072 3772 1295 3831 Turonensium.

436 3876 556 3935 Summa
588 3875 717 3932 onmium
745 3877 927 3933 marcharum
958 3875 1141 3933 denariorum
1169 3874 1263 3933 Dacie
1294 3882 1322 3931 et
1350 3872 1455 3933 Suecie

348 3987 529 4055 receptarum
553 3998 590 4035 ex
612 3976 724 4035 decima
746 3996 803 4053 que
824 3987 989 4036 conmutata
1011 3986 1078 4036 sunt
1099 3987 1185 4052 prout
1206 3994 1295 4051 supra
1318 3974 1453 4051 exprimi·

349 4089 404 4149 tur,
425 4080 624 4154 adargentum
644 4078 868 4137 etTurouenses
891 4107 932 4159 ᾐ-
954 4078 1013 4154 lxj'l‘
1050 4086 1081 4136 vt
1102 4078 1192 4152 lxviij.
1215 4079 1330 4135 marche
1353 4085 1453 4135 etme-

353 4181 401 4239 dia
434 4180 627 4249 denariorum,
660 4200 712 4255 pro
735 4180 840 4255 quibus
862 4181 959 4239 habite
980 4190 1047 4240 sunt
1065 4209 1106 4218 —-
1129 4187 1167 4249 vt}
1203 4178 1244 4253 vj0.
1274 4181 1390 4238 marche
1418 4178 1455 4253 ij.

353 4282 444 4354 racia,
467 4292 495 4338 et
516 4302 570 4340 xv.
593 4281 723 4357 sterlingi
745 4281 857 4358 argenti
879 4283 916 4340 ad
933 4284 1047 4359 pondus
1069 4282 1223 4340 Treceuse.
1267 4282 1355 4339 Et-
1375 4278 1455 4354 xiiijr

353 4383 512 4458 clxxxxvij.
534 4384 605 4442 libre
628 4393 656 4442 ct
677 4382 734 4457 xij.
758 4385 844 4443 solidi
866 4385 1090 4443 Turonensium.

431 4485 505 4543 Item
528 4485 648 4546 Summa
669 4488 849 4544 marcharum
872 4486 983 4563 argenti
995 4483 1089 4545 Dacie
1111 4493 1140 4542 et
1157 4485 1261 4546 Suecie
1282 4485 1312 4542 in
1334 4482 1455 4542 diuersis

350 4586 525 4664 ponderibus
548 4597 790 4645 commutatarum
815 4622 849 4629 --
875 4608 914 4646 m.
934 4588 984 4664 lxj.
1008 4589 1123 4646 marche
1143 4597 1219 4647 et.v.
1236 4586 1322 4645 vncie
1334 4585 1455 4661 argenti,

349 4709 402 4765 pro
424 4688 529 4763 quibus
551 4689 650 4747 habite
672 4696 740 4746 sunt
765 4715 798 4724 -
823 4689 895 4764 viiijt
916 4689 1008 4765 xxxij.
1030 4692 1145 4749 marche
1168 4688 1219 4748 .iii.
1240 4688 1324 4747 vncic
1346 4695 1375 4745 et
1395 4705 1455 4744 me·

350 4788 400 4847 dia
421 4789 533 4864 argenti
557 4791 594 4848 ed
615 4790 728 4865 pondus
751 4790 906 4850 Treceuse.
