3584 5625
864 486 923 544 138

298 689 381 738 nuper
398 674 517 723 ordinata
535 672 670 721 subuertio
689 671 736 720 sub
756 684 800 733 spe
817 669 886 719 illius
905 670 937 718 da
963 665 1035 718 c'uius
1061 670 1141 720 solius
1167 670 1287 720 clementi
1316 669 1486 732 prouidentia,

299 766 325 808 et
342 758 476 807 clementia
493 757 599 820 prouida
617 756 745 805 ordinatio
763 755 822 804 talis
840 763 866 804 et
883 763 956 803 tauta
973 756 1105 818 processit,
1129 756 1223 805 laboris
1251 761 1370 820 optatum
1393 753 1488 803 exitum

299 842 457 908 repromittit.
495 840 712 892 conuenientibus
731 840 854 903 siquidem
871 839 898 887 in
921 839 1011 888 eodem
1038 840 1148 889 concilio
1177 841 1305 891 nonnullis
1333 838 1487 904 principibus

299 935 325 977 et
343 926 445 991 prelatis
469 927 500 975 de
518 926 604 975 mundi
630 926 744 990 partibus
771 925 902 986 uniuersis,
929 924 1087 988 aliorumque
1113 925 1255 990 principum
1281 924 1441 990 prelatorum
1464 929 1488 973 et

299 1013 470 1076 capitulorum
496 1010 595 1073 nuucijs
622 1018 682 1075 post
699 1011 838 1059 subsidium
857 1009 1022 1074 pecuniarum
1039 1009 1167 1059 communi
1186 1023 1312 1059 consensu
1330 1019 1397 1058 terre
1413 1009 1488 1072 dapn-

299 1105 380 1147 tatum
398 1098 487 1155 eidem,
505 1096 624 1144 conuenit
642 1094 754 1145 omnium
773 1094 898 1145 sententia
924 1095 949 1143 in
975 1095 1093 1159 idipsum,
1119 1094 1238 1144 videlicet
1267 1103 1296 1144 rt
1323 1094 1350 1143 in
1377 1091 1488 1157 generali

299 1181 428 1247 passagio.
447 1180 518 1229 cuius
537 1180 653 1229 celeriter
670 1187 775 1228 auctore
793 1179 898 1228 domino
925 1179 1059 1228 terminum
1086 1178 1237 1243 prefigemus
1264 1177 1388 1228 uniuersis
1415 1175 1487 1228 chri·

300 1265 396 1316 sticolis
414 1272 504 1314 contra
521 1263 685 1328 blasphemos
704 1265 807 1313 eosdem
825 1265 994 1315 conflantibus
1012 1264 1078 1313 vires
1097 1280 1165 1323 suas,
1184 1273 1280 1328 quanto
1304 1264 1354 1311 erit
1381 1259 1488 1311 Christi·

300 1365 406 1400 anorum
424 1350 502 1398 virtus
520 1350 591 1398 unita
620 1348 754 1413 potentior,
784 1356 856 1399 tanto
886 1352 919 1399 ad
947 1350 1125 1399 liberationem
1155 1357 1220 1397 terre
1247 1348 1359 1409 predicte
1389 1348 1425 1396 sit
1449 1348 1489 1396 via

300 1436 421 1494 securior,
439 1435 473 1483 sit
490 1434 667 1498 opportunitas
685 1436 831 1498 promptior,
850 1443 875 1483 et
894 1436 925 1485 de
943 1436 988 1484 illa
1002 1435 1059 1484 Deo
1075 1433 1178 1497 auspice
1187 1448 1245 1497 spes
1253 1433 1348 1482 certior
1357 1432 1488 1481 habeatur.

301 1520 421 1572 Ceterum
447 1518 507 1567 licet
533 1518 567 1565 ad
589 1519 740 1567 excitandos
770 1521 907 1569 eorundem
933 1520 1046 1569 fidelium
1071 1519 1170 1569 animos
1200 1518 1226 1568 in
1252 1526 1318 1569 terre
1348 1523 1488 1566 memorate

300 1619 449 1655 succursum
467 1601 583 1651 sufficere
601 1603 692 1652 debeat
709 1601 828 1651 solertior
845 1605 952 1654 attentio
961 1604 1149 1669 premissorum,
1159 1603 1220 1653 licet
1229 1602 1310 1666 possit
1321 1616 1374 1652 non
1387 1602 1489 1664 indigne

300 1689 406 1754 sperari,
425 1689 492 1750 quod
511 1687 531 1735 si
549 1687 636 1737 fideles
653 1687 731 1750 ijdem
749 1702 798 1750 quo
817 1689 910 1738 debent
927 1690 1028 1754 pietatis
1041 1688 1115 1738 oculo
1126 1697 1219 1737 terram
1228 1689 1334 1738 eandem
1344 1685 1489 1747 respiciant,

300 1775 321 1824 si
339 1775 372 1823 ad
390 1771 573 1837 persecutionis
591 1772 764 1831 acerbitatem,
783 1786 858 1835 quam
877 1782 944 1824 terra
962 1776 1050 1824 eedem
1069 1774 1197 1823 continuis
1219 1771 1339 1824 lacessita
1363 1770 1489 1835 molestiis

300 1874 331 1909 ac
349 1856 463 1908 diuitinis
480 1856 660 1907 vexationibus
678 1857 783 1916 lassata,
802 1861 948 1923 perpetitur,
972 1866 1125 1909 conuertunt
1140 1857 1182 1921 pie
1211 1856 1397 1921 compassionis
1415 1856 1490 1906 intui·

301 1951 362 2003 tum,
381 1942 577 2006 discriminaque
595 1942 763 2000 considerent,
782 1956 830 2004 que
860 1958 904 2006 per
929 1944 978 1994 hoc
1005 1944 1086 1993 eidem
1111 1942 1170 1993 fidei
1197 1943 1343 1993 orthodoxe
1370 1955 1424 1991 non
1454 1948 1491 1992 est

300 2027 404 2078 dubium
421 2026 560 2087 imminere,
577 2028 611 2076 ed
628 2027 809 2076 assumendum
826 2035 891 2078 terre
910 2026 1023 2091 sepefata
1041 2029 1174 2092 negotium
1202 2041 1229 2076 se
1253 2028 1339 2091 potius
1363 2026 1491 2090 ingerent,

300 2127 376 2176 quam
394 2112 495 2162 inuitari
511 2114 544 2162 ad
561 2113 611 2162 hoc
629 2111 832 2161 commonitionis
850 2113 958 2162 alicuius
971 2111 1094 2176 suffragio
1106 2112 1287 2176 expectabunt.
1323 2108 1393 2171 Quia
1405 2119 1491 2162 tamen

290 2212 431 2260 speramus
449 2198 516 2260 quod
535 2212 626 2247 vocem
643 2198 742 2245 virtutis
760 2198 853 2246 tribuet
871 2199 988 2248 dominus
1005 2198 1061 2247 voci
1087 2213 1140 2248 sue.
1161 2198 1264 2247 verbum
1281 2195 1364 2245 crucis
1382 2196 1417 2245 ad
1434 2210 1492 2257 pro·

300 2283 440 2333 motionem
457 2283 535 2347 ipsius
552 2281 648 2346 negotij
667 2283 693 2331 iu
710 2283 799 2331 vestris
818 2282 964 2333 ciuitatibus
988 2292 1014 2332 et
1039 2284 1182 2332 diocesibns
1213 2272 1373 2331 decredimus
1398 2295 1492 2345 propo·

299 2369 418 2425 nendum,
437 2368 470 2417 ad
487 2369 555 2431 quod
572 2382 603 2416 eo
622 2367 789 2417 confidentius
807 2382 929 2431 personas
947 2375 1043 2417 vestras
1061 2368 1181 2418 duximus
1193 2367 1335 2429 eligendas,
1347 2380 1399 2429 quo
1410 2366 1491 2430 magis

300 2456 332 2504 ad
350 2456 376 2503 id
395 2453 460 2503 fame
479 2463 562 2502 vestre
580 2452 681 2502 claritas
700 2459 725 2502 et
743 2453 878 2515 pastoralis
902 2452 980 2515 officij
1011 2453 1124 2503 debitum
1153 2468 1200 2503 nos
1231 2453 1332 2501 inuitat.
1378 2451 1491 2516 ideoque

303 2538 454 2589 fraternitati
480 2548 562 2587 vestre
588 2537 767 2600 predicationis
794 2536 905 2588 officium
936 2539 964 2587 in
992 2539 1087 2588 eisdem
1114 2538 1261 2588 ciuitatibus
1290 2545 1318 2586 ct
1346 2537 1492 2597 diocesibns

298 2625 454 2689 presentium
471 2623 624 2672 auctoritate
641 2623 831 2683 committimus,
857 2622 883 2672 iu
910 2622 1084 2673 remissionem
1114 2623 1290 2687 peccaminum
1317 2621 1491 2683 iniungentes,

299 2719 424 2773 quatenus
442 2710 468 2758 in
487 2708 629 2758 huiusmodi
648 2705 732 2757 officio
750 2708 823 2757 iuxta
841 2709 927 2757 datam
945 2709 1015 2757 vobis
1033 2723 1049 2757 a
1067 2708 1123 2758 Deo
1142 2708 1302 2773 prudentiam
1313 2708 1492 2772 procedentes,

299 2793 363 2865 illud
381 2794 519 2845 efficaciter
535 2800 561 2842 et
579 2793 723 2856 prudenter,
742 2807 793 2843 non
811 2793 929 2843 obstante
947 2794 1015 2858 quod
1033 2794 1083 2844 hoc
1100 2793 1168 2844 idem
1186 2791 1229 2856 alij
1248 2791 1355 2843 forsitan
1373 2791 1408 2842 sit
1422 2806 1492 2843 com·
1522 2832 1527 2844 ,

300 2879 405 2928 missum
423 2878 515 2942 exequi
532 2878 662 2938 studeatis,
681 2893 768 2928 omnes
795 2894 859 2942 quos
885 2881 919 2928 ad
945 2880 994 2929 hoc
1020 2881 1094 2930 vtiles
1121 2878 1175 2930 fore
1201 2878 1323 2942 putabitis
1351 2877 1492 2929 instantius

300 2964 451 3023 inducendo,
470 2970 501 3012 vt
515 2963 679 3027 suscipientes
698 2978 755 3012 cum
774 2965 916 3013 reuerentia
945 2965 1045 3028 signum
1071 2964 1161 3026 crucis,
1178 2965 1310 3026 ipsumque
1334 2960 1388 3011 suis
1407 2962 1492 3012 cordi-

299 3049 347 3103 bus
365 3057 391 3098 et
408 3048 518 3098 humeris
536 3047 670 3110 affigentes
688 3050 721 3097 ad
738 3055 805 3097 terre
822 3058 962 3099 memorate
980 3065 1128 3100 succursum
1157 3047 1262 3097 viriliter
1290 3061 1318 3095 se
1344 3047 1492 3110 accingant,

299 3148 330 3183 ec
345 3135 423 3197 ipsius
443 3134 574 3196 negotium
591 3133 700 3182 fideliter
717 3141 881 3196 exequantur.
919 3133 954 3182 Et
971 3141 997 3182 vt
1012 3133 1091 3195 ijdem
1108 3133 1197 3183 fideles
1216 3133 1339 3195 premissa
1356 3147 1388 3182 eo
1403 3133 1490 3184 liben-

298 3219 349 3270 tius
367 3227 443 3281 atque
461 3216 599 3268 feruentius
617 3218 733 3282 prosequi
752 3219 871 3267 studeant
889 3233 939 3281 quo
963 3219 1086 3282 potiorem
1112 3235 1140 3269 se
1167 3217 1287 3267 nouerint
1314 3215 1428 3268 fructum
1455 3233 1491 3269 ex

299 3304 350 3353 suis
367 3304 498 3353 laboribus
516 3311 687 3368 percepturos,
706 3317 752 3351 nos
771 3302 801 3351 de
831 3303 1010 3366 omnipotentis
1037 3306 1077 3354 dei
1102 3303 1274 3361 misericorde,
1300 3310 1327 3351 et
1354 3302 1493 3354 beatorum

297 3389 366 3439 Petri
385 3396 411 3438 et
429 3388 502 3438 Pauli
519 3388 695 3451 apostolorum
712 3389 765 3436 eius
784 3389 936 3438 auctoritate
966 3388 1063 3448 confisi,
1088 3396 1115 3438 et
1139 3388 1185 3436 illa
1211 3401 1287 3451 quam
1312 3386 1388 3436 nobis
1417 3387 1493 3438 Deus

296 3473 392 3535 ligandi
411 3482 487 3536 atque
505 3473 621 3523 soluendi
639 3472 748 3523 contulit
766 3482 892 3536 potestate
911 3475 1027 3524 omnibus
1044 3488 1103 3523 vere
1119 3472 1292 3538 penitentibus
1315 3479 1342 3521 et
1353 3471 1493 3534 confessis,

297 3557 339 3621 qni
358 3557 501 3608 huiusmodi
527 3559 641 3608 laborem
658 3557 788 3608 salutifere
816 3561 899 3608 crucis
925 3559 999 3622 signo
1028 3564 1148 3622 suscepto
1178 3557 1203 3607 in
1229 3556 1344 3622 personis
1373 3557 1489 3622 proprijs

298 3641 420 3692 subierint
437 3650 463 3692 et
480 3644 608 3708 expensis,
626 3644 727 3706 plenam
746 3654 908 3706 peccatorum
925 3659 1037 3705 suorum,
1055 3644 1086 3693 de
1104 3643 1194 3706 quibus
1207 3643 1284 3692 corde
1293 3641 1395 3692 contriti
1407 3649 1433 3692 et
1447 3659 1494 3694 ore

298 3727 408 3778 confessi
427 3727 526 3790 fuerint,
543 3729 643 3777 veniam
660 3728 829 3792 indulgemus,
848 3731 917 3778 etin
935 3729 1127 3778 retributionem
1144 3729 1268 3778 iustorum
1285 3726 1376 3777 salutis
1400 3734 1494 3779 eterne

297 3812 448 3877 pollicemur
465 3821 637 3876 augmentum.
673 3812 718 3861 Eis
737 3821 822 3862 autem
841 3814 882 3878 qui
901 3829 952 3863 non
969 3815 996 3863 in
1008 3811 1490 3883 personisproprijsilluceccesserint,

298 3897 342 3946 sed
360 3897 385 3945 in
403 3897 455 3947 suis
473 3899 599 3947 duntaxat
617 3897 735 3961 expensis
752 3898 827 3947 iuxta
844 3900 979 3962 qualitates
997 3907 1022 3948 et
1039 3897 1175 3947 facultates
1201 3913 1261 3947 suas
1286 3897 1356 3946 viros
1383 3897 1500 3949 idoneos·

297 3983 446 4032 destinarint
462 3984 515 4033 illic
533 3985 605 4033 iuxta
634 3983 766 4046 prudentie
795 3991 877 4033 vestre
906 3985 1038 4034 arbitrium
1064 3991 1215 4042 moraturos,
1241 3989 1268 4031 et
1292 3981 1343 4031 illis
1370 3983 1495 4034 similiter

297 4069 348 4131 qui,
359 4068 420 4117 licet
436 4069 463 4117 in
480 4068 570 4118 alienis
588 4069 715 4132 expensis,
732 4070 758 4118 in
777 4068 889 4132 personis
909 4077 994 4118 tamen
1012 4067 1121 4132 proprijs
1134 4075 1265 4130 assumpte
1275 4068 1493 4132 peregrinationis

234 4186 237 4193 -
296 4152 441 4203 huiusmodi
458 4151 572 4203 laborem
590 4153 758 4215 impleueriut,
777 4153 877 4218 plenam
895 4169 1000 4204 suorum
1018 4155 1180 4204 concedimus
1197 4152 1297 4202 veniam
1312 4163 1489 4218 peccatorum.

297 4236 379 4286 Huius
398 4251 498 4300 quoque
516 4237 670 4287 remissionis
688 4241 804 4289 volumus
823 4254 877 4289 esse
895 4241 1031 4304 participes
1047 4239 1123 4288 iuxta
1140 4238 1311 4302 quantitatem
1335 4237 1442 4302 subsidij
1463 4247 1490 4290 ct

247 4345 251 4353 ²
296 4322 440 4372 deuotionis
458 4322 587 4383 affectum,
606 4338 694 4373 omnes
712 4312 805 4388 quiad
827 4326 1022 4375 subnectionem
1040 4324 1119 4388 ipsius
1146 4316 1242 4387 nc'gotij
1274 4323 1306 4372 de
1333 4323 1407 4374 bonis
1435 4326 1492 4377 suis

296 4423 407 4471 congrue
425 4408 612 4458 ministrabunt.
648 4409 773 4458 Personas
791 4411 901 4473 iusuper,
919 4409 1029 4460 familias
1047 4417 1073 4459 et
1089 4409 1158 4458 bona
1172 4423 1270 4470 eorum,
1280 4423 1314 4458 ex
1323 4422 1373 4471 quo
1383 4423 1491 4461 crucem
1527 4402 1535 4418 “

297 4495 461 4556 susceperint,
478 4495 525 4544 sub
544 4495 611 4545 beati
639 4494 708 4544 Petri
738 4502 764 4543 et
788 4503 875 4544 nostra
901 4498 1060 4559 protectione
1090 4494 1251 4556 suscipimus,
1281 4500 1431 4556 statuentes,
1463 4503 1493 4546 rt

297 4578 343 4628 sub
362 4578 554 4628 diocesanorum
572 4595 676 4630 suorum
703 4578 848 4629 defensione
878 4581 1026 4630 consistant.
1056 4579 1094 4628 Vt
1116 4587 1202 4628 autem
1219 4577 1298 4640 ijdem
1316 4579 1493 4643 crucesignati

296 4677 327 4711 eo
346 4671 505 4725 exequantur
521 4665 640 4714 libentius
659 4674 684 4714 et
701 4663 839 4714 feruentius
856 4673 946 4715 votum
964 4680 1046 4724 suum,
1060 4679 1110 4729 quo
1122 4663 1237 4727 pluribus
1251 4661 1345 4712 fuerint
1356 4661 1493 4716 fauoribus

296 4749 444 4796 communiti
462 4751 617 4812 presentium
640 4748 777 4799 autoritate
804 4751 976 4806 concedimus,
1003 4757 1030 4798 vt
1058 4747 1137 4810 ijdem
1164 4747 1214 4796 illis
1241 4745 1382 4811 priuilegijs
1410 4763 1493 4813 caque

295 4832 455 4882 immunitate
472 4834 610 4896 gaudeant,
629 4833 720 4898 quein
738 4835 849 4896 generali
873 4834 1121 4897 crucessiguatorum
1138 4831 1297 4895 indulgentia
1316 4831 1494 4896 continentur,
