<?xml version="1.0" encoding="UTF-8"?>
<!DOCTYPE html PUBLIC "-//W3C//DTD XHTML 1.0 Transitional//EN"
    "http://www.w3.org/TR/xhtml1/DTD/xhtml1-transitional.dtd">
<html xmlns="http://www.w3.org/1999/xhtml" xml:lang="en" lang="en">
 <head>
  <title>
</title>
<meta http-equiv="Content-Type" content="text/html;charset=utf-8" />
  <meta name='ocr-system' content='tesseract 3.04.00' />
  <meta name='ocr-capabilities' content='ocr_page ocr_carea ocr_par ocr_line ocrx_word'/>
</head>
<body>
  <div class='ocr_page' id='page_1' title='image "./paveligenuntier00nuncgoog_0163.png"; bbox 0 0 3584 5625; ppageno 0'>
   <div class='ocr_carea' id='block_1_1' title="bbox 866 475 1015 540">
    <p class='ocr_par' dir='ltr' id='par_1_1' title="bbox 866 475 1015 540">
     <span class='ocr_line' id='line_1_1' title="bbox 866 475 1015 540; baseline 0.027 -4"><span class='ocrx_word' id='word_1_1' title='bbox 866 475 923 538; x_wconf 73' lang='lat'><strong>151</strong></span> <span class='ocrx_word' id='word_1_2' title='bbox 1012 533 1015 540; x_wconf 94' lang='lat'><em>.</em></span> 
     </span>
    </p>
   </div>
   <div class='ocr_carea' id='block_1_2' title="bbox 298 659 1491 1655">
    <p class='ocr_par' dir='ltr' id='par_1_2' title="bbox 298 659 1491 1655">
     <span class='ocr_line' id='line_1_2' title="bbox 301 659 1490 730; baseline -0.001 -19"><span class='ocrx_word' id='word_1_3' title='bbox 301 661 418 726; x_wconf 86' lang='lat' dir='ltr'><strong>precibus</strong></span> <span class='ocrx_word' id='word_1_4' title='bbox 436 660 542 712; x_wconf 81' lang='lat' dir='ltr'><strong>excitati</strong></span> <span class='ocrx_word' id='word_1_5' title='bbox 559 661 593 711; x_wconf 89' lang='lat' dir='ltr'><strong>ad</strong></span> <span class='ocrx_word' id='word_1_6' title='bbox 610 659 724 730; x_wconf 84' lang='lat' dir='ltr'><strong>eiusdem</strong></span> <span class='ocrx_word' id='word_1_7' title='bbox 742 660 846 724; x_wconf 86' lang='lat' dir='ltr'><strong>subsidij</strong></span> <span class='ocrx_word' id='word_1_8' title='bbox 865 662 1054 725; x_wconf 75' lang='lat' dir='ltr'><strong>promotionem</strong></span> <span class='ocrx_word' id='word_1_9' title='bbox 1071 660 1228 713; x_wconf 80' lang='lat' dir='ltr'><strong>icruentibue</strong></span> <span class='ocrx_word' id='word_1_10' title='bbox 1251 660 1420 725; x_wconf 80' lang='lat' dir='ltr'><strong>consurgetis,</strong></span> <span class='ocrx_word' id='word_1_11' title='bbox 1437 660 1490 711; x_wconf 83' lang='lat' dir='ltr'><strong>vni·</strong></span> 
     </span>
     <span class='ocr_line' id='line_1_3' title="bbox 301 745 1491 811; baseline 0.001 -17"><span class='ocrx_word' id='word_1_12' title='bbox 301 745 449 797; x_wconf 85' lang='lat' dir='ltr'><strong>uersitatem</strong></span> <span class='ocrx_word' id='word_1_13' title='bbox 466 754 577 797; x_wconf 88' lang='lat' dir='ltr'><strong>uestram</strong></span> <span class='ocrx_word' id='word_1_14' title='bbox 595 760 724 809; x_wconf 60' lang='lat' dir='ltr'><strong>mamus,</strong></span> <span class='ocrx_word' id='word_1_15' title='bbox 750 758 893 805; x_wconf 91' lang='lat' dir='ltr'><strong>monemus,</strong></span> <span class='ocrx_word' id='word_1_16' title='bbox 920 755 947 795; x_wconf 92' lang='lat' dir='ltr'><strong>et</strong></span> <span class='ocrx_word' id='word_1_17' title='bbox 972 747 1104 798; x_wconf 74' lang='lat' dir='ltr'><strong>hortamur</strong></span> <span class='ocrx_word' id='word_1_18' title='bbox 1129 753 1235 803; x_wconf 85' lang='lat' dir='ltr'><strong>attente,</strong></span> <span class='ocrx_word' id='word_1_19' title='bbox 1253 761 1299 811; x_wconf 89' lang='lat' dir='ltr'><strong>per</strong></span> <span class='ocrx_word' id='word_1_20' title='bbox 1316 754 1398 810; x_wconf 82' lang='lat' dir='ltr'><strong>apost.</strong></span> <span class='ocrx_word' id='word_1_21' title='bbox 1417 745 1491 795; x_wconf 89' lang='lat' dir='ltr'><strong>uobis</strong></span> 
     </span>
     <span class='ocr_line' id='line_1_4' title="bbox 300 830 1490 895; baseline -0.001 -15"><span class='ocrx_word' id='word_1_22' title='bbox 300 830 396 895; x_wconf 86' lang='lat' dir='ltr'><strong>scripta</strong></span> <span class='ocrx_word' id='word_1_23' title='bbox 412 832 573 891; x_wconf 82' lang='lat' dir='ltr'><strong>mandentes,</strong></span> <span class='ocrx_word' id='word_1_24' title='bbox 591 831 660 893; x_wconf 88' lang='lat' dir='ltr'><strong>qnod</strong></span> <span class='ocrx_word' id='word_1_25' title='bbox 678 830 867 881; x_wconf 87' lang='lat' dir='ltr'><strong>considerantes</strong></span> <span class='ocrx_word' id='word_1_26' title='bbox 886 832 1043 894; x_wconf 89' lang='lat' dir='ltr'><strong>prudentius,</strong></span> <span class='ocrx_word' id='word_1_27' title='bbox 1069 833 1140 895; x_wconf 90' lang='lat' dir='ltr'><strong>quod</strong></span> <span class='ocrx_word' id='word_1_28' title='bbox 1164 831 1244 895; x_wconf 87' lang='lat' dir='ltr'><strong>ipsius</strong></span> <span class='ocrx_word' id='word_1_29' title='bbox 1269 838 1336 882; x_wconf 90' lang='lat' dir='ltr'><strong>terre</strong></span> <span class='ocrx_word' id='word_1_30' title='bbox 1363 830 1490 881; x_wconf 80' lang='lat' dir='ltr'><strong>restitutio</strong></span> 
     </span>
     <span class='ocr_line' id='line_1_5' title="bbox 300 914 1491 981; baseline 0 -17"><span class='ocrx_word' id='word_1_31' title='bbox 300 914 333 964; x_wconf 87' lang='lat' dir='ltr'><strong>ud</strong></span> <span class='ocrx_word' id='word_1_32' title='bbox 350 915 541 966; x_wconf 81' lang='lat' dir='ltr'><strong>inuocatiouem</strong></span> <span class='ocrx_word' id='word_1_33' title='bbox 565 914 631 965; x_wconf 87' lang='lat' dir='ltr'><strong>tituli</strong></span> <span class='ocrx_word' id='word_1_34' title='bbox 655 914 798 968; x_wconf 81' lang='lat' dir='ltr'><strong>Chrietieni</strong></span> <span class='ocrx_word' id='word_1_35' title='bbox 825 922 898 966; x_wconf 81' lang='lat' dir='ltr'><strong>tauto</strong></span> <span class='ocrx_word' id='word_1_36' title='bbox 928 915 1042 966; x_wconf 87' lang='lat' dir='ltr'><strong>omnium</strong></span> <span class='ocrx_word' id='word_1_37' title='bbox 1066 916 1188 981; x_wconf 85' lang='lat' dir='ltr'><strong>potestati</strong></span> <span class='ocrx_word' id='word_1_38' title='bbox 1214 918 1343 981; x_wconf 88' lang='lat' dir='ltr'><strong>acceptior</strong></span> <span class='ocrx_word' id='word_1_39' title='bbox 1369 915 1491 977; x_wconf 90' lang='lat' dir='ltr'><strong>redditur,</strong></span> 
     </span>
     <span class='ocr_line' id='line_1_6' title="bbox 300 984 1490 1065; baseline 0.001 -17"><span class='ocrx_word' id='word_1_40' title='bbox 300 1004 396 1064; x_wconf 85' lang='lat' dir='ltr'><strong>quanto</strong></span> <span class='ocrx_word' id='word_1_41' title='bbox 414 999 549 1063; x_wconf 76' lang='lat' dir='ltr'><strong>benignius</strong></span> <span class='ocrx_word' id='word_1_42' title='bbox 565 1001 621 1064; x_wconf 86' lang='lat' dir='ltr'><strong>ipse</strong></span> <span class='ocrx_word' id='word_1_43' title='bbox 638 1002 694 1064; x_wconf 84' lang='lat' dir='ltr'><strong>piue</strong></span> <span class='ocrx_word' id='word_1_44' title='bbox 713 984 744 1050; x_wconf 69' lang='lat' dir='ltr'><strong>et&#39;</strong></span> <span class='ocrx_word' id='word_1_45' title='bbox 756 999 900 1050; x_wconf 85' lang='lat' dir='ltr'><strong>misericors</strong></span> <span class='ocrx_word' id='word_1_46' title='bbox 918 999 1075 1063; x_wconf 80' lang='lat' dir='ltr'><strong>unigenitum</strong></span> <span class='ocrx_word' id='word_1_47' title='bbox 1093 1016 1167 1051; x_wconf 89' lang='lat' dir='ltr'><strong>suum</strong></span> <span class='ocrx_word' id='word_1_48' title='bbox 1182 1001 1284 1050; x_wconf 90' lang='lat' dir='ltr'><strong>unicum</strong></span> <span class='ocrx_word' id='word_1_49' title='bbox 1294 1016 1340 1065; x_wconf 93' lang='lat' dir='ltr'><strong>pro</strong></span> <span class='ocrx_word' id='word_1_50' title='bbox 1349 1000 1490 1050; x_wconf 88' lang='lat' dir='ltr'><strong>communis</strong></span> 
     </span>
     <span class='ocr_line' id='line_1_7' title="bbox 300 1077 1490 1149; baseline 0.001 -16"><span class='ocrx_word' id='word_1_51' title='bbox 300 1083 390 1133; x_wconf 87' lang='lat' dir='ltr'><strong>salutis</strong></span> <span class='ocrx_word' id='word_1_52' title='bbox 409 1084 621 1134; x_wconf 74' lang='lat' dir='ltr'><strong>rmtaurutionem</strong></span> <span class='ocrx_word' id='word_1_53' title='bbox 639 1083 665 1133; x_wconf 91' lang='lat' dir='ltr'><strong>in</strong></span> <span class='ocrx_word' id='word_1_54' title='bbox 682 1098 713 1133; x_wconf 93' lang='lat' dir='ltr'><strong>ea</strong></span> <span class='ocrx_word' id='word_1_55' title='bbox 736 1083 819 1133; x_wconf 90' lang='lat' dir='ltr'><strong>uoluit</strong></span> <span class='ocrx_word' id='word_1_56' title='bbox 844 1083 981 1145; x_wconf 86' lang='lat' dir='ltr'><strong>incarnari,</strong></span> <span class='ocrx_word' id='word_1_57' title='bbox 1007 1086 1148 1149; x_wconf 87' lang='lat' dir='ltr'><strong>predictam</strong></span> <span class='ocrx_word' id='word_1_58' title='bbox 1174 1077 1296 1135; x_wconf 80' lang='lat' dir='ltr'><strong>decimam</strong></span> <span class='ocrx_word' id='word_1_59' title='bbox 1325 1086 1362 1135; x_wconf 90' lang='lat' dir='ltr'><strong>sic</strong></span> <span class='ocrx_word' id='word_1_60' title='bbox 1391 1085 1490 1147; x_wconf 79' lang='lat' dir='ltr'><strong>integre</strong></span> 
     </span>
     <span class='ocr_line' id='line_1_8' title="bbox 300 1166 1490 1234; baseline 0.002 -17"><span class='ocrx_word' id='word_1_61' title='bbox 300 1168 460 1232; x_wconf 80' lang='lat' dir='ltr'><strong>persultatis,</strong></span> <span class='ocrx_word' id='word_1_62' title='bbox 479 1169 619 1218; x_wconf 79' lang='lat' dir='ltr'><strong>restitutori</strong></span> <span class='ocrx_word' id='word_1_63' title='bbox 637 1168 744 1232; x_wconf 85' lang='lat' dir='ltr'><strong>plenius,</strong></span> <span class='ocrx_word' id='word_1_64' title='bbox 755 1168 822 1231; x_wconf 93' lang='lat' dir='ltr'><strong>quod</strong></span> <span class='ocrx_word' id='word_1_65' title='bbox 835 1166 921 1219; x_wconf 79' lang='lat' dir='ltr'><strong>forsan</strong></span> <span class='ocrx_word' id='word_1_66' title='bbox 940 1183 972 1219; x_wconf 83' lang='lat' dir='ltr'><strong>ex</strong></span> <span class='ocrx_word' id='word_1_67' title='bbox 990 1170 1076 1233; x_wconf 85' lang='lat' dir='ltr'><strong>aliqua</strong></span> <span class='ocrx_word' id='word_1_68' title='bbox 1093 1169 1249 1232; x_wconf 70' lang='lat' dir='ltr'><strong>negligentia</strong></span> <span class='ocrx_word' id='word_1_69' title='bbox 1266 1184 1300 1219; x_wconf 84' lang='lat' dir='ltr'><strong>ex</strong></span> <span class='ocrx_word' id='word_1_70' title='bbox 1317 1170 1374 1234; x_wconf 86' lang='lat' dir='ltr'><strong>ipsa</strong></span> <span class='ocrx_word' id='word_1_71' title='bbox 1391 1170 1490 1219; x_wconf 88' lang='lat' dir='ltr'><strong>decima</strong></span> 
     </span>
     <span class='ocr_line' id='line_1_9' title="bbox 300 1252 1489 1326; baseline 0.001 -25"><span class='ocrx_word' id='word_1_72' title='bbox 300 1253 470 1315; x_wconf 76' lang='lat' dir='ltr'><strong>subtraxistis,</strong></span> <span class='ocrx_word' id='word_1_73' title='bbox 487 1254 556 1316; x_wconf 91' lang='lat' dir='ltr'><strong>quod</strong></span> <span class='ocrx_word' id='word_1_74' title='bbox 574 1253 643 1318; x_wconf 75' lang='lat' dir='ltr'><strong>celus</strong></span> <span class='ocrx_word' id='word_1_75' title='bbox 663 1253 816 1326; x_wconf 86' lang='lat' dir='ltr'><strong>deuotionis,¹</strong></span> <span class='ocrx_word' id='word_1_76' title='bbox 834 1269 909 1316; x_wconf 88' lang='lat' dir='ltr'><strong>quam</strong></span> <span class='ocrx_word' id='word_1_77' title='bbox 928 1255 961 1304; x_wconf 87' lang='lat' dir='ltr'><strong>ud</strong></span> <span class='ocrx_word' id='word_1_78' title='bbox 979 1252 1104 1317; x_wconf 81' lang='lat' dir='ltr'><strong>prefatum</strong></span> <span class='ocrx_word' id='word_1_79' title='bbox 1126 1263 1219 1303; x_wconf 87' lang='lat' dir='ltr'><strong>terrum</strong></span> <span class='ocrx_word' id='word_1_80' title='bbox 1245 1255 1352 1313; x_wconf 85' lang='lat' dir='ltr'><strong>hebetis,</strong></span> <span class='ocrx_word' id='word_1_81' title='bbox 1371 1252 1489 1316; x_wconf 89' lang='lat' dir='ltr'><strong>operibus</strong></span> 
     </span>
     <span class='ocr_line' id='line_1_10' title="bbox 299 1337 1489 1407; baseline 0.002 -22"><span class='ocrx_word' id='word_1_82' title='bbox 299 1337 396 1387; x_wconf 79' lang='lat' dir='ltr'><strong>clarent</strong></span> <span class='ocrx_word' id='word_1_83' title='bbox 413 1346 439 1387; x_wconf 90' lang='lat' dir='ltr'><strong>et</strong></span> <span class='ocrx_word' id='word_1_84' title='bbox 456 1339 628 1388; x_wconf 84' lang='lat' dir='ltr'><strong>constituatur</strong></span> <span class='ocrx_word' id='word_1_85' title='bbox 646 1346 750 1402; x_wconf 91' lang='lat' dir='ltr'><strong>propter</strong></span> <span class='ocrx_word' id='word_1_86' title='bbox 767 1339 816 1388; x_wconf 91' lang='lat' dir='ltr'><strong>hoc</strong></span> <span class='ocrx_word' id='word_1_87' title='bbox 835 1339 979 1388; x_wconf 87' lang='lat' dir='ltr'><strong>meritorius</strong></span> <span class='ocrx_word' id='word_1_88' title='bbox 993 1339 1066 1403; x_wconf 87' lang='lat' dir='ltr'><strong>apud</strong></span> <span class='ocrx_word' id='word_1_89' title='bbox 1085 1340 1168 1407; x_wconf 87' lang='lat' dir='ltr'><strong>deum,</strong></span> <span class='ocrx_word' id='word_1_90' title='bbox 1186 1354 1282 1402; x_wconf 89' lang='lat' dir='ltr'><strong>uosque</strong></span> <span class='ocrx_word' id='word_1_91' title='bbox 1309 1340 1489 1403; x_wconf 89' lang='lat' dir='ltr'><strong>premissorum</strong></span> 
     </span>
     <span class='ocr_line' id='line_1_11' title="bbox 300 1422 1490 1487; baseline 0 -16"><span class='ocrx_word' id='word_1_92' title='bbox 300 1436 344 1472; x_wconf 87' lang='lat' dir='ltr'><strong>uos</strong></span> <span class='ocrx_word' id='word_1_93' title='bbox 363 1422 489 1487; x_wconf 74' lang='lat' dir='ltr'><strong>celatores</strong></span> <span class='ocrx_word' id='word_1_94' title='bbox 513 1424 626 1473; x_wconf 90' lang='lat' dir='ltr'><strong>sinceros</strong></span> <span class='ocrx_word' id='word_1_95' title='bbox 653 1433 679 1472; x_wconf 91' lang='lat' dir='ltr'><strong>et</strong></span> <span class='ocrx_word' id='word_1_96' title='bbox 704 1438 738 1473; x_wconf 86' lang='lat' dir='ltr'><strong>ex</strong></span> <span class='ocrx_word' id='word_1_97' title='bbox 764 1424 813 1473; x_wconf 90' lang='lat' dir='ltr'><strong>boc</strong></span> <span class='ocrx_word' id='word_1_98' title='bbox 840 1432 975 1487; x_wconf 81' lang='lat' dir='ltr'><strong>coaptatos</strong></span> <span class='ocrx_word' id='word_1_99' title='bbox 999 1424 1080 1486; x_wconf 84' lang='lat' dir='ltr'><strong>gratie</strong></span> <span class='ocrx_word' id='word_1_100' title='bbox 1107 1424 1192 1474; x_wconf 88' lang='lat' dir='ltr'><strong>diuino</strong></span> <span class='ocrx_word' id='word_1_101' title='bbox 1218 1431 1357 1485; x_wconf 88' lang='lat' dir='ltr'><strong>cernentes,</strong></span> <span class='ocrx_word' id='word_1_102' title='bbox 1381 1423 1490 1472; x_wconf 89' lang='lat' dir='ltr'><strong>letemur</strong></span> 
     </span>
     <span class='ocr_line' id='line_1_12' title="bbox 298 1507 1488 1572; baseline 0.001 -16"><span class='ocrx_word' id='word_1_103' title='bbox 298 1508 398 1571; x_wconf 88' lang='lat' dir='ltr'><strong>plebem</strong></span> <span class='ocrx_word' id='word_1_104' title='bbox 417 1509 573 1559; x_wconf 85' lang='lat' dir='ltr'><strong>dominicam</strong></span> <span class='ocrx_word' id='word_1_105' title='bbox 591 1507 689 1556; x_wconf 90' lang='lat' dir='ltr'><strong>deuotis</strong></span> <span class='ocrx_word' id='word_1_106' title='bbox 707 1508 843 1571; x_wconf 82' lang='lat' dir='ltr'><strong>gubernari</strong></span> <span class='ocrx_word' id='word_1_107' title='bbox 860 1508 990 1567; x_wconf 85' lang='lat' dir='ltr'><strong>ministris,</strong></span> <span class='ocrx_word' id='word_1_108' title='bbox 1009 1516 1035 1556; x_wconf 90' lang='lat' dir='ltr'><strong>et</strong></span> <span class='ocrx_word' id='word_1_109' title='bbox 1053 1509 1192 1572; x_wconf 74' lang='lat' dir='ltr'><strong>apostolice</strong></span> <span class='ocrx_word' id='word_1_110' title='bbox 1210 1510 1276 1559; x_wconf 81' lang='lat' dir='ltr'><strong>sedis</strong></span> <span class='ocrx_word' id='word_1_111' title='bbox 1300 1507 1415 1557; x_wconf 83' lang='lat' dir='ltr'><strong>fauorem</strong></span> <span class='ocrx_word' id='word_1_112' title='bbox 1442 1523 1488 1558; x_wconf 89' lang='lat' dir='ltr'><strong>uos</strong></span> 
     </span>
     <span class='ocr_line' id='line_1_13' title="bbox 299 1590 1488 1655; baseline 0.002 -15"><span class='ocrx_word' id='word_1_113' title='bbox 299 1592 323 1641; x_wconf 92' lang='lat' dir='ltr'><strong>iu</strong></span> <span class='ocrx_word' id='word_1_114' title='bbox 342 1592 434 1643; x_wconf 82' lang='lat' dir='ltr'><strong>uestris</strong></span> <span class='ocrx_word' id='word_1_115' title='bbox 452 1592 620 1655; x_wconf 80' lang='lat' dir='ltr'><strong>adimplendis</strong></span> <span class='ocrx_word' id='word_1_116' title='bbox 638 1591 711 1641; x_wconf 89' lang='lat' dir='ltr'><strong>iustis</strong></span> <span class='ocrx_word' id='word_1_117' title='bbox 729 1590 861 1654; x_wconf 81' lang='lat' dir='ltr'><strong>desiderijs</strong></span> <span class='ocrx_word' id='word_1_118' title='bbox 879 1598 905 1641; x_wconf 94' lang='lat' dir='ltr'><strong>et</strong></span> <span class='ocrx_word' id='word_1_119' title='bbox 918 1591 1053 1641; x_wconf 88' lang='lat' dir='ltr'><strong>laudabilis</strong></span> <span class='ocrx_word' id='word_1_120' title='bbox 1067 1595 1249 1652; x_wconf 88' lang='lat' dir='ltr'><strong>prestationem</strong></span> <span class='ocrx_word' id='word_1_121' title='bbox 1261 1591 1375 1655; x_wconf 88' lang='lat' dir='ltr'><strong>obsequij</strong></span> <span class='ocrx_word' id='word_1_122' title='bbox 1385 1593 1488 1642; x_wconf 86' lang='lat' dir='ltr'><strong>uberius</strong></span> 
     </span>
    </p>
   </div>
   <div class='ocr_carea' id='block_1_3' title="bbox 298 1676 1489 1809">
    <p class='ocr_par' dir='ltr' id='par_1_3' title="bbox 298 1676 1489 1809">
     <span class='ocr_line' id='line_1_14' title="bbox 298 1676 1489 1741; baseline 0 -16"><span class='ocrx_word' id='word_1_123' title='bbox 298 1678 450 1740; x_wconf 82' lang='lat' dir='ltr'><strong>promoueri.</strong></span> <span class='ocrx_word' id='word_1_124' title='bbox 485 1676 583 1728; x_wconf 77' lang='lat' dir='ltr'><strong>Datum</strong></span> <span class='ocrx_word' id='word_1_125' title='bbox 601 1678 685 1727; x_wconf 79' lang='lat' dir='ltr'><strong>Rome</strong></span> <span class='ocrx_word' id='word_1_126' title='bbox 702 1677 771 1739; x_wconf 86' lang='lat' dir='ltr'><strong>apud</strong></span> <span class='ocrx_word' id='word_1_127' title='bbox 787 1684 906 1728; x_wconf 83' lang='lat' dir='ltr'><strong>sanctum</strong></span> <span class='ocrx_word' id='word_1_128' title='bbox 925 1677 1027 1727; x_wconf 83' lang='lat' dir='ltr'><strong>Petrum</strong></span> <span class='ocrx_word' id='word_1_129' title='bbox 1042 1677 1076 1726; x_wconf 91' lang='lat' dir='ltr'><strong>id.</strong></span> <span class='ocrx_word' id='word_1_130' title='bbox 1092 1676 1164 1741; x_wconf 80' lang='lat' dir='ltr'><strong>Junij</strong></span> <span class='ocrx_word' id='word_1_131' title='bbox 1177 1686 1249 1741; x_wconf 86' lang='lat' dir='ltr'><strong>pont.</strong></span> <span class='ocrx_word' id='word_1_132' title='bbox 1263 1678 1343 1727; x_wconf 86' lang='lat' dir='ltr'><strong>nostri</strong></span> <span class='ocrx_word' id='word_1_133' title='bbox 1356 1691 1423 1726; x_wconf 90' lang='lat' dir='ltr'><strong>auno</strong></span> <span class='ocrx_word' id='word_1_134' title='bbox 1436 1676 1489 1738; x_wconf 65' lang='lat' dir='ltr'><strong>ijd,⁰</strong></span> 
     </span>
     <span class='ocr_line' id='line_1_15' title="bbox 657 1754 1135 1809; baseline -0.006 -9"><span class='ocrx_word' id='word_1_135' title='bbox 657 1754 1135 1809; x_wconf 48' lang='lat' dir='ltr'><strong>umeMAEmMmdwdffl</strong></span> 
     </span>
    </p>
   </div>
   <div class='ocr_carea' id='block_1_4' title="bbox 690 1983 1098 2047">
    <p class='ocr_par' dir='ltr' id='par_1_4' title="bbox 690 1983 1098 2047">
     <span class='ocr_line' id='line_1_16' title="bbox 690 1983 1098 2047; baseline -0.007 -4"><span class='ocrx_word' id='word_1_136' title='bbox 690 1983 739 2043; x_wconf 79' lang='lat'><strong>21.</strong></span> <span class='ocrx_word' id='word_1_137' title='bbox 785 1986 874 2044; x_wconf 81' lang='lat'>1279.</span> <span class='ocrx_word' id='word_1_138' title='bbox 922 1984 996 2047; x_wconf 87' lang='lat' dir='ltr'><strong>13de</strong></span> <span class='ocrx_word' id='word_1_139' title='bbox 1016 1984 1098 2043; x_wconf 83' lang='lat' dir='ltr'><strong>Juui.</strong></span> 
     </span>
    </p>
   </div>
   <div class='ocr_carea' id='block_1_5' title="bbox 294 2098 1488 4030">
    <p class='ocr_par' dir='ltr' id='par_1_5' title="bbox 294 2098 1488 4030">
     <span class='ocr_line' id='line_1_17' title="bbox 365 2098 1487 2164; baseline 0 -14"><span class='ocrx_word' id='word_1_140' title='bbox 365 2101 488 2152; x_wconf 79' lang='lat' dir='ltr'><strong>Nicolaus</strong></span> <span class='ocrx_word' id='word_1_141' title='bbox 506 2098 641 2164; x_wconf 88' lang='lat' dir='ltr'><strong>episcopus</strong></span> <span class='ocrx_word' id='word_1_142' title='bbox 659 2115 679 2149; x_wconf 89' lang='lat' dir='ltr'><strong>a.</strong></span> <span class='ocrx_word' id='word_1_143' title='bbox 697 2115 717 2149; x_wconf 91' lang='lat' dir='ltr'><strong>s.</strong></span> <span class='ocrx_word' id='word_1_144' title='bbox 737 2101 760 2149; x_wconf 92' lang='lat' dir='ltr'><strong>d.</strong></span> <span class='ocrx_word' id='word_1_145' title='bbox 780 2101 823 2151; x_wconf 91' lang='lat' dir='ltr'><strong>dil.</strong></span> <span class='ocrx_word' id='word_1_146' title='bbox 842 2100 895 2150; x_wconf 90' lang='lat' dir='ltr'><strong>filio</strong></span> <span class='ocrx_word' id='word_1_147' title='bbox 913 2100 1035 2162; x_wconf 78' lang='lat' dir='ltr'><strong>magistro</strong></span> <span class='ocrx_word' id='word_1_148' title='bbox 1053 2099 1198 2149; x_wconf 88' lang='lat' dir='ltr'><strong>Bertrando</strong></span> <span class='ocrx_word' id='word_1_149' title='bbox 1214 2098 1339 2150; x_wconf 83' lang='lat' dir='ltr'><strong>Amelrici</strong></span> <span class='ocrx_word' id='word_1_150' title='bbox 1353 2100 1487 2163; x_wconf 88' lang='lat' dir='ltr'><strong>capellano</strong></span> 
     </span>
     <span class='ocr_line' id='line_1_18' title="bbox 300 2183 1486 2248; baseline -0.001 -13"><span class='ocrx_word' id='word_1_151' title='bbox 300 2197 385 2235; x_wconf 82' lang='lat' dir='ltr'><strong>nostro</strong></span> <span class='ocrx_word' id='word_1_152' title='bbox 404 2185 530 2234; x_wconf 86' lang='lat' dir='ltr'><strong>canonico</strong></span> <span class='ocrx_word' id='word_1_153' title='bbox 548 2184 666 2236; x_wconf 78' lang='lat' dir='ltr'><strong>Romami</strong></span> <span class='ocrx_word' id='word_1_154' title='bbox 684 2184 817 2234; x_wconf 89' lang='lat' dir='ltr'><strong>collectori</strong></span> <span class='ocrx_word' id='word_1_155' title='bbox 835 2184 932 2234; x_wconf 90' lang='lat' dir='ltr'><strong>decime</strong></span> <span class='ocrx_word' id='word_1_156' title='bbox 949 2183 976 2234; x_wconf 91' lang='lat' dir='ltr'><strong>in</strong></span> <span class='ocrx_word' id='word_1_157' title='bbox 993 2184 1071 2234; x_wconf 89' lang='lat' dir='ltr'><strong>Datie</strong></span> <span class='ocrx_word' id='word_1_158' title='bbox 1090 2192 1116 2234; x_wconf 91' lang='lat' dir='ltr'><strong>et</strong></span> <span class='ocrx_word' id='word_1_159' title='bbox 1138 2183 1224 2235; x_wconf 85' lang='lat' dir='ltr'><strong>Suetic</strong></span> <span class='ocrx_word' id='word_1_160' title='bbox 1251 2183 1335 2247; x_wconf 77' lang='lat' dir='ltr'><strong>reguis</strong></span> <span class='ocrx_word' id='word_1_161' title='bbox 1354 2185 1486 2248; x_wconf 88' lang='lat' dir='ltr'><strong>deputato.</strong></span> 
     </span>
     <span class='ocr_line' id='line_1_19' title="bbox 299 2267 1487 2334; baseline -0.002 -13"><span class='ocrx_word' id='word_1_162' title='bbox 299 2271 405 2321; x_wconf 76' lang='lat' dir='ltr'><strong>salutem</strong></span> <span class='ocrx_word' id='word_1_163' title='bbox 423 2279 472 2319; x_wconf 86' lang='lat' dir='ltr'><strong>etc.</strong></span> <span class='ocrx_word' id='word_1_164' title='bbox 507 2268 601 2321; x_wconf 70' lang='lat' dir='ltr'><strong>Felicis</strong></span> <span class='ocrx_word' id='word_1_165' title='bbox 620 2270 804 2320; x_wconf 89' lang='lat' dir='ltr'><strong>recordatiouis</strong></span> <span class='ocrx_word' id='word_1_166' title='bbox 822 2267 962 2332; x_wconf 80' lang='lat' dir='ltr'><strong>Gregorius</strong></span> <span class='ocrx_word' id='word_1_167' title='bbox 975 2284 1042 2333; x_wconf 84' lang='lat' dir='ltr'><strong>pape</strong></span> <span class='ocrx_word' id='word_1_168' title='bbox 1053 2270 1218 2333; x_wconf 87' lang='lat' dir='ltr'><strong>predecessor</strong></span> <span class='ocrx_word' id='word_1_169' title='bbox 1229 2279 1317 2320; x_wconf 89' lang='lat' dir='ltr'><strong>noster</strong></span> <span class='ocrx_word' id='word_1_170' title='bbox 1326 2268 1385 2319; x_wconf 91' lang='lat' dir='ltr'><strong>olim</strong></span> <span class='ocrx_word' id='word_1_171' title='bbox 1395 2285 1487 2334; x_wconf 84' lang='lat' dir='ltr'><strong>appro-</strong></span> 
     </span>
     <span class='ocr_line' id='line_1_20' title="bbox 298 2352 1486 2419; baseline 0 -15"><span class='ocrx_word' id='word_1_172' title='bbox 298 2354 373 2406; x_wconf 87' lang='lat' dir='ltr'><strong>bante</strong></span> <span class='ocrx_word' id='word_1_173' title='bbox 385 2352 513 2405; x_wconf 74' lang='lat' dir='ltr'><strong>*consilio</strong></span> <span class='ocrx_word' id='word_1_174' title='bbox 531 2354 645 2419; x_wconf 80' lang='lat' dir='ltr'><strong>generali</strong></span> <span class='ocrx_word' id='word_1_175' title='bbox 662 2354 826 2416; x_wconf 73' lang='lat' dir='ltr'><strong>lugdunensi</strong></span> <span class='ocrx_word' id='word_1_176' title='bbox 844 2356 967 2404; x_wconf 89' lang='lat' dir='ltr'><strong>decimam</strong></span> <span class='ocrx_word' id='word_1_177' title='bbox 981 2355 1093 2404; x_wconf 86' lang='lat' dir='ltr'><strong>omnium</strong></span> <span class='ocrx_word' id='word_1_178' title='bbox 1102 2354 1333 2404; x_wconf 85' lang='lat' dir='ltr'><strong>ecclesiasticorum</strong></span> <span class='ocrx_word' id='word_1_179' title='bbox 1342 2355 1486 2405; x_wconf 87' lang='lat' dir='ltr'><strong>reddituum</strong></span> 
     </span>
     <span class='ocr_line' id='line_1_21' title="bbox 298 2438 1484 2504; baseline 0.002 -17"><span class='ocrx_word' id='word_1_180' title='bbox 298 2447 322 2489; x_wconf 90' lang='lat' dir='ltr'><strong>et</strong></span> <span class='ocrx_word' id='word_1_181' title='bbox 333 2447 505 2504; x_wconf 86' lang='lat' dir='ltr'><strong>proueutnum</strong></span> <span class='ocrx_word' id='word_1_182' title='bbox 520 2441 554 2491; x_wconf 84' lang='lat' dir='ltr'><strong>ad</strong></span> <span class='ocrx_word' id='word_1_183' title='bbox 571 2447 637 2489; x_wconf 88' lang='lat' dir='ltr'><strong>terre</strong></span> <span class='ocrx_word' id='word_1_184' title='bbox 655 2448 743 2489; x_wconf 89' lang='lat' dir='ltr'><strong>sancte</strong></span> <span class='ocrx_word' id='word_1_185' title='bbox 761 2438 902 2488; x_wconf 89' lang='lat' dir='ltr'><strong>subsidium</strong></span> <span class='ocrx_word' id='word_1_186' title='bbox 920 2453 965 2500; x_wconf 91' lang='lat' dir='ltr'><strong>per</strong></span> <span class='ocrx_word' id='word_1_187' title='bbox 982 2453 1028 2488; x_wconf 88' lang='lat' dir='ltr'><strong>sex</strong></span> <span class='ocrx_word' id='word_1_188' title='bbox 1046 2454 1127 2489; x_wconf 89' lang='lat' dir='ltr'><strong>annos</strong></span> <span class='ocrx_word' id='word_1_189' title='bbox 1151 2454 1167 2488; x_wconf 90' lang='lat' dir='ltr'><strong>a</strong></span> <span class='ocrx_word' id='word_1_190' title='bbox 1184 2438 1250 2489; x_wconf 80' lang='lat' dir='ltr'><strong>festo</strong></span> <span class='ocrx_word' id='word_1_191' title='bbox 1260 2438 1403 2489; x_wconf 88' lang='lat' dir='ltr'><strong>natiuitatis</strong></span> <span class='ocrx_word' id='word_1_192' title='bbox 1417 2441 1484 2489; x_wconf 89' lang='lat' dir='ltr'><strong>beati</strong></span> 
     </span>
     <span class='ocr_line' id='line_1_22' title="bbox 298 2523 1487 2588; baseline 0 -14"><span class='ocrx_word' id='word_1_193' title='bbox 298 2524 424 2574; x_wconf 79' lang='lat' dir='ltr'><strong>Johunnis</strong></span> <span class='ocrx_word' id='word_1_194' title='bbox 448 2523 604 2587; x_wconf 82' lang='lat' dir='ltr'><strong>euangeliste</strong></span> <span class='ocrx_word' id='word_1_195' title='bbox 627 2539 694 2574; x_wconf 86' lang='lat' dir='ltr'><strong>nuuc</strong></span> <span class='ocrx_word' id='word_1_196' title='bbox 721 2532 850 2584; x_wconf 83' lang='lat' dir='ltr'><strong>trausacto</strong></span> <span class='ocrx_word' id='word_1_197' title='bbox 876 2523 1015 2573; x_wconf 86' lang='lat' dir='ltr'><strong>nouissime</strong></span> <span class='ocrx_word' id='word_1_198' title='bbox 1041 2524 1211 2573; x_wconf 88' lang='lat' dir='ltr'><strong>numerandos</strong></span> <span class='ocrx_word' id='word_1_199' title='bbox 1241 2526 1374 2586; x_wconf 88' lang='lat' dir='ltr'><strong>concessit,</strong></span> <span class='ocrx_word' id='word_1_200' title='bbox 1392 2526 1487 2588; x_wconf 88' lang='lat' dir='ltr'><strong>tibique</strong></span> 
     </span>
     <span class='ocr_line' id='line_1_23' title="bbox 298 2607 1486 2681; baseline 0.003 -24"><span class='ocrx_word' id='word_1_201' title='bbox 298 2608 380 2657; x_wconf 89' lang='lat' dir='ltr'><strong>dictus</strong></span> <span class='ocrx_word' id='word_1_202' title='bbox 397 2609 564 2673; x_wconf 88' lang='lat' dir='ltr'><strong>predecessor</strong></span> <span class='ocrx_word' id='word_1_203' title='bbox 581 2609 633 2658; x_wconf 90' lang='lat' dir='ltr'><strong>suis</strong></span> <span class='ocrx_word' id='word_1_204' title='bbox 651 2609 721 2659; x_wconf 86' lang='lat' dir='ltr'><strong>dedit</strong></span> <span class='ocrx_word' id='word_1_205' title='bbox 738 2608 829 2659; x_wconf 87' lang='lat' dir='ltr'><strong>litteris</strong></span> <span class='ocrx_word' id='word_1_206' title='bbox 847 2610 872 2660; x_wconf 91' lang='lat' dir='ltr'><strong>iu</strong></span> <span class='ocrx_word' id='word_1_207' title='bbox 890 2607 1025 2668; x_wconf 86' lang='lat' dir='ltr'><strong>mandatis,</strong></span> <span class='ocrx_word' id='word_1_208' title='bbox 1043 2614 1072 2656; x_wconf 92' lang='lat' dir='ltr'><strong>ut</strong></span> <span class='ocrx_word' id='word_1_209' title='bbox 1090 2608 1203 2672; x_wconf 88' lang='lat' dir='ltr'><strong>predicte</strong></span> <span class='ocrx_word' id='word_1_210' title='bbox 1221 2608 1317 2659; x_wconf 88' lang='lat' dir='ltr'><strong>decime</strong></span> <span class='ocrx_word' id='word_1_211' title='bbox 1341 2610 1486 2681; x_wconf 68' lang='lat' dir='ltr'><strong>colligendo</strong></span> 
     </span>
     <span class='ocr_line' id='line_1_24' title="bbox 296 2692 1486 2757; baseline 0.003 -17"><span class='ocrx_word' id='word_1_212' title='bbox 296 2692 322 2742; x_wconf 90' lang='lat' dir='ltr'><strong>iu</strong></span> <span class='ocrx_word' id='word_1_213' title='bbox 337 2693 416 2743; x_wconf 90' lang='lat' dir='ltr'><strong>Datie</strong></span> <span class='ocrx_word' id='word_1_214' title='bbox 433 2702 460 2742; x_wconf 87' lang='lat' dir='ltr'><strong>et</strong></span> <span class='ocrx_word' id='word_1_215' title='bbox 476 2692 562 2744; x_wconf 84' lang='lat' dir='ltr'><strong>Suetie</strong></span> <span class='ocrx_word' id='word_1_216' title='bbox 580 2694 672 2757; x_wconf 82' lang='lat' dir='ltr'><strong>regnis,</strong></span> <span class='ocrx_word' id='word_1_217' title='bbox 691 2693 811 2743; x_wconf 88' lang='lat' dir='ltr'><strong>uidelicet</strong></span> <span class='ocrx_word' id='word_1_218' title='bbox 828 2701 856 2742; x_wconf 91' lang='lat' dir='ltr'><strong>ut</strong></span> <span class='ocrx_word' id='word_1_219' title='bbox 873 2693 900 2742; x_wconf 91' lang='lat' dir='ltr'><strong>iu</strong></span> <span class='ocrx_word' id='word_1_220' title='bbox 917 2693 1024 2756; x_wconf 80' lang='lat' dir='ltr'><strong>singulis</strong></span> <span class='ocrx_word' id='word_1_221' title='bbox 1042 2693 1188 2743; x_wconf 86' lang='lat' dir='ltr'><strong>ciuitatibus</strong></span> <span class='ocrx_word' id='word_1_222' title='bbox 1212 2701 1238 2743; x_wconf 92' lang='lat' dir='ltr'><strong>et</strong></span> <span class='ocrx_word' id='word_1_223' title='bbox 1263 2694 1407 2748; x_wconf 89' lang='lat' dir='ltr'><strong>diocesibus</strong></span> <span class='ocrx_word' id='word_1_224' title='bbox 1435 2696 1486 2743; x_wconf 91' lang='lat' dir='ltr'><strong>dic-</strong></span> 
     </span>
     <span class='ocr_line' id='line_1_25' title="bbox 297 2777 1487 2843; baseline 0.003 -15"><span class='ocrx_word' id='word_1_225' title='bbox 297 2785 380 2829; x_wconf 91' lang='lat' dir='ltr'><strong>torum</strong></span> <span class='ocrx_word' id='word_1_226' title='bbox 398 2792 534 2843; x_wconf 79' lang='lat' dir='ltr'><strong>regnorum</strong></span> <span class='ocrx_word' id='word_1_227' title='bbox 551 2779 583 2829; x_wconf 92' lang='lat' dir='ltr'><strong>de</strong></span> <span class='ocrx_word' id='word_1_228' title='bbox 600 2778 708 2828; x_wconf 89' lang='lat' dir='ltr'><strong>consilio</strong></span> <span class='ocrx_word' id='word_1_229' title='bbox 727 2777 842 2828; x_wconf 90' lang='lat' dir='ltr'><strong>locorum</strong></span> <span class='ocrx_word' id='word_1_230' title='bbox 860 2777 980 2827; x_wconf 88' lang='lat' dir='ltr'><strong>ordinarii</strong></span> <span class='ocrx_word' id='word_1_231' title='bbox 999 2785 1044 2828; x_wconf 85' lang='lat' dir='ltr'><strong>aut</strong></span> <span class='ocrx_word' id='word_1_232' title='bbox 1061 2778 1115 2828; x_wconf 89' lang='lat' dir='ltr'><strong>eius</strong></span> <span class='ocrx_word' id='word_1_233' title='bbox 1133 2778 1215 2829; x_wconf 90' lang='lat' dir='ltr'><strong>uicem</strong></span> <span class='ocrx_word' id='word_1_234' title='bbox 1233 2780 1352 2842; x_wconf 79' lang='lat' dir='ltr'><strong>gerentis,</strong></span> <span class='ocrx_word' id='word_1_235' title='bbox 1363 2780 1383 2830; x_wconf 91' lang='lat' dir='ltr'><strong>si</strong></span> <span class='ocrx_word' id='word_1_236' title='bbox 1403 2780 1487 2831; x_wconf 85' lang='lat' dir='ltr'><strong>dioce-</strong></span> 
     </span>
     <span class='ocr_line' id='line_1_26' title="bbox 296 2862 1487 2929; baseline 0.002 -16"><span class='ocrx_word' id='word_1_237' title='bbox 296 2877 372 2913; x_wconf 84' lang='lat' dir='ltr'><strong>tanus</strong></span> <span class='ocrx_word' id='word_1_238' title='bbox 389 2865 443 2929; x_wconf 91' lang='lat' dir='ltr'><strong>ipse</strong></span> <span class='ocrx_word' id='word_1_239' title='bbox 461 2864 553 2914; x_wconf 89' lang='lat' dir='ltr'><strong>absens</strong></span> <span class='ocrx_word' id='word_1_240' title='bbox 571 2862 646 2926; x_wconf 88' lang='lat' dir='ltr'><strong>foret,</strong></span> <span class='ocrx_word' id='word_1_241' title='bbox 664 2871 690 2913; x_wconf 89' lang='lat' dir='ltr'><strong>et</strong></span> <span class='ocrx_word' id='word_1_242' title='bbox 707 2864 816 2912; x_wconf 89' lang='lat' dir='ltr'><strong>duorum</strong></span> <span class='ocrx_word' id='word_1_243' title='bbox 833 2862 1022 2924; x_wconf 80' lang='lat' dir='ltr'><strong>ddcdiguorum</strong></span> <span class='ocrx_word' id='word_1_244' title='bbox 1041 2865 1071 2913; x_wconf 89' lang='lat' dir='ltr'><strong>de</strong></span> <span class='ocrx_word' id='word_1_245' title='bbox 1090 2864 1197 2913; x_wconf 84' lang='lat' dir='ltr'><strong>ecclesis</strong></span> <span class='ocrx_word' id='word_1_246' title='bbox 1213 2864 1354 2914; x_wconf 87' lang='lat' dir='ltr'><strong>cathedrali</strong></span> <span class='ocrx_word' id='word_1_247' title='bbox 1363 2867 1487 2915; x_wconf 87' lang='lat' dir='ltr'><strong>constitu-</strong></span> 
     </span>
     <span class='ocr_line' id='line_1_27' title="bbox 297 2948 1486 3015; baseline 0 -16"><span class='ocrx_word' id='word_1_248' title='bbox 297 2957 381 2999; x_wconf 87' lang='lat' dir='ltr'><strong>torum</strong></span> <span class='ocrx_word' id='word_1_249' title='bbox 398 2949 425 2999; x_wconf 91' lang='lat' dir='ltr'><strong>iu</strong></span> <span class='ocrx_word' id='word_1_250' title='bbox 443 2948 617 3014; x_wconf 73' lang='lat' dir='ltr'><strong>dignitatibus.</strong></span> <span class='ocrx_word' id='word_1_251' title='bbox 636 2963 681 2998; x_wconf 89' lang='lat' dir='ltr'><strong>sen</strong></span> <span class='ocrx_word' id='word_1_252' title='bbox 699 2950 808 3000; x_wconf 87' lang='lat' dir='ltr'><strong>aliorum</strong></span> <span class='ocrx_word' id='word_1_253' title='bbox 825 2965 876 3013; x_wconf 91' lang='lat' dir='ltr'><strong>quo</strong></span> <span class='ocrx_word' id='word_1_254' title='bbox 894 2950 929 2998; x_wconf 90' lang='lat' dir='ltr'><strong>ad</strong></span> <span class='ocrx_word' id='word_1_255' title='bbox 945 2963 997 3001; x_wconf 89' lang='lat' dir='ltr'><strong>nou</strong></span> <span class='ocrx_word' id='word_1_256' title='bbox 1015 2956 1156 3013; x_wconf 84' lang='lat' dir='ltr'><strong>exemptos,</strong></span> <span class='ocrx_word' id='word_1_257' title='bbox 1165 2964 1216 3013; x_wconf 90' lang='lat' dir='ltr'><strong>quo</strong></span> <span class='ocrx_word' id='word_1_258' title='bbox 1233 2950 1266 2998; x_wconf 88' lang='lat' dir='ltr'><strong>ed</strong></span> <span class='ocrx_word' id='word_1_259' title='bbox 1282 2958 1415 3015; x_wconf 84' lang='lat' dir='ltr'><strong>exemptos</strong></span> <span class='ocrx_word' id='word_1_260' title='bbox 1425 2966 1486 3000; x_wconf 88' lang='lat' dir='ltr'><strong>uero</strong></span> 
     </span>
     <span class='ocr_line' id='line_1_28' title="bbox 296 3033 1487 3099; baseline 0.001 -16"><span class='ocrx_word' id='word_1_261' title='bbox 296 3034 327 3083; x_wconf 92' lang='lat' dir='ltr'><strong>de</strong></span> <span class='ocrx_word' id='word_1_262' title='bbox 344 3048 470 3084; x_wconf 82' lang='lat' dir='ltr'><strong>consensu</strong></span> <span class='ocrx_word' id='word_1_263' title='bbox 488 3035 631 3098; x_wconf 83' lang='lat' dir='ltr'><strong>aliquorum</strong></span> <span class='ocrx_word' id='word_1_264' title='bbox 649 3035 787 3097; x_wconf 86' lang='lat' dir='ltr'><strong>proborum</strong></span> <span class='ocrx_word' id='word_1_265' title='bbox 806 3036 837 3084; x_wconf 92' lang='lat' dir='ltr'><strong>de</strong></span> <span class='ocrx_word' id='word_1_266' title='bbox 863 3033 1004 3093; x_wconf 60' lang='lat' dir='ltr'><strong>*contrata</strong></span> <span class='ocrx_word' id='word_1_267' title='bbox 1033 3034 1169 3096; x_wconf 82' lang='lat' dir='ltr'><strong>deputares</strong></span> <span class='ocrx_word' id='word_1_268' title='bbox 1196 3035 1259 3084; x_wconf 85' lang='lat' dir='ltr'><strong>dues</strong></span> <span class='ocrx_word' id='word_1_269' title='bbox 1288 3049 1411 3099; x_wconf 87' lang='lat' dir='ltr'><strong>personas</strong></span> <span class='ocrx_word' id='word_1_270' title='bbox 1437 3035 1487 3085; x_wconf 86' lang='lat' dir='ltr'><strong>fide</strong></span> 
     </span>
     <span class='ocr_line' id='line_1_29' title="bbox 297 3115 1487 3183; baseline 0 -15"><span class='ocrx_word' id='word_1_271' title='bbox 297 3115 469 3180; x_wconf 74' lang='lat' dir='ltr'><strong>neutralibus,</strong></span> <span class='ocrx_word' id='word_1_272' title='bbox 486 3120 509 3169; x_wconf 83' lang='lat' dir='ltr'><strong>ei</strong></span> <span class='ocrx_word' id='word_1_273' title='bbox 526 3119 590 3169; x_wconf 87' lang='lat' dir='ltr'><strong>tales</strong></span> <span class='ocrx_word' id='word_1_274' title='bbox 608 3118 782 3170; x_wconf 88' lang='lat' dir='ltr'><strong>inuenireutur</strong></span> <span class='ocrx_word' id='word_1_275' title='bbox 800 3119 914 3180; x_wconf 90' lang='lat' dir='ltr'><strong>comode,</strong></span> <span class='ocrx_word' id='word_1_276' title='bbox 930 3133 960 3168; x_wconf 85' lang='lat' dir='ltr'><strong>ac</strong></span> <span class='ocrx_word' id='word_1_277' title='bbox 977 3117 1041 3168; x_wconf 90' lang='lat' dir='ltr'><strong>alias</strong></span> <span class='ocrx_word' id='word_1_278' title='bbox 1058 3119 1172 3183; x_wconf 83' lang='lat' dir='ltr'><strong>ydoneus</strong></span> <span class='ocrx_word' id='word_1_279' title='bbox 1193 3119 1225 3168; x_wconf 87' lang='lat' dir='ltr'><strong>ad</strong></span> <span class='ocrx_word' id='word_1_280' title='bbox 1240 3120 1390 3170; x_wconf 89' lang='lat' dir='ltr'><strong>collectores</strong></span> <span class='ocrx_word' id='word_1_281' title='bbox 1399 3119 1487 3169; x_wconf 90' lang='lat' dir='ltr'><strong>huius-</strong></span> 
     </span>
     <span class='ocr_line' id='line_1_30' title="bbox 296 3203 1486 3269; baseline -0.001 -15"><span class='ocrx_word' id='word_1_282' title='bbox 296 3203 366 3254; x_wconf 84' lang='lat' dir='ltr'><strong>modi</strong></span> <span class='ocrx_word' id='word_1_283' title='bbox 383 3203 550 3261; x_wconf 85' lang='lat' dir='ltr'><strong>ministerium</strong></span> <span class='ocrx_word' id='word_1_284' title='bbox 567 3204 752 3266; x_wconf 85' lang='lat' dir='ltr'><strong>exequendum,</strong></span> <span class='ocrx_word' id='word_1_285' title='bbox 769 3203 922 3254; x_wconf 80' lang='lat' dir='ltr'><strong>collectores</strong></span> <span class='ocrx_word' id='word_1_286' title='bbox 940 3218 1009 3265; x_wconf 91' lang='lat' dir='ltr'><strong>uero,</strong></span> <span class='ocrx_word' id='word_1_287' title='bbox 1026 3218 1099 3267; x_wconf 89' lang='lat' dir='ltr'><strong>quos,</strong></span> <span class='ocrx_word' id='word_1_288' title='bbox 1117 3210 1147 3252; x_wconf 91' lang='lat' dir='ltr'><strong>nt</strong></span> <span class='ocrx_word' id='word_1_289' title='bbox 1164 3204 1325 3269; x_wconf 87' lang='lat' dir='ltr'><strong>premittitur,</strong></span> <span class='ocrx_word' id='word_1_290' title='bbox 1343 3205 1486 3269; x_wconf 88' lang='lat' dir='ltr'><strong>deputares,</strong></span> 
     </span>
     <span class='ocr_line' id='line_1_31' title="bbox 297 3287 1485 3354; baseline -0.001 -16"><span class='ocrx_word' id='word_1_291' title='bbox 297 3289 343 3339; x_wconf 88' lang='lat' dir='ltr'><strong>sub</strong></span> <span class='ocrx_word' id='word_1_292' title='bbox 360 3287 443 3339; x_wconf 79' lang='lat' dir='ltr'><strong>formu</strong></span> <span class='ocrx_word' id='word_1_293' title='bbox 454 3289 537 3339; x_wconf 83' lang='lat' dir='ltr'><strong>iorure</strong></span> <span class='ocrx_word' id='word_1_294' title='bbox 549 3287 647 3339; x_wconf 86' lang='lat' dir='ltr'><strong>faceres</strong></span> <span class='ocrx_word' id='word_1_295' title='bbox 659 3289 685 3338; x_wconf 88' lang='lat' dir='ltr'><strong>iu</strong></span> <span class='ocrx_word' id='word_1_296' title='bbox 694 3288 789 3338; x_wconf 89' lang='lat' dir='ltr'><strong>eisdem</strong></span> <span class='ocrx_word' id='word_1_297' title='bbox 798 3287 890 3338; x_wconf 91' lang='lat' dir='ltr'><strong>litteris</strong></span> <span class='ocrx_word' id='word_1_298' title='bbox 900 3295 1030 3337; x_wconf 82' lang='lat' dir='ltr'><strong>uuuotsta</strong></span> <span class='ocrx_word' id='word_1_299' title='bbox 1043 3295 1069 3338; x_wconf 93' lang='lat' dir='ltr'><strong>et</strong></span> <span class='ocrx_word' id='word_1_300' title='bbox 1080 3295 1109 3338; x_wconf 91' lang='lat' dir='ltr'><strong>ut</strong></span> <span class='ocrx_word' id='word_1_301' title='bbox 1117 3295 1146 3338; x_wconf 92' lang='lat' dir='ltr'><strong>tu</strong></span> <span class='ocrx_word' id='word_1_302' title='bbox 1155 3289 1334 3340; x_wconf 87' lang='lat' dir='ltr'><strong>nichilominus</strong></span> <span class='ocrx_word' id='word_1_303' title='bbox 1343 3296 1428 3354; x_wconf 88' lang='lat' dir='ltr'><strong>partes</strong></span> <span class='ocrx_word' id='word_1_304' title='bbox 1437 3295 1485 3338; x_wconf 87' lang='lat' dir='ltr'><strong>etc.</strong></span> 
     </span>
     <span class='ocr_line' id='line_1_32' title="bbox 298 3369 1488 3439; baseline 0 -16"><span class='ocrx_word' id='word_1_305' title='bbox 298 3369 350 3432; x_wconf 81' lang='lat' dir='ltr'><strong>(ese</strong></span> <span class='ocrx_word' id='word_1_306' title='bbox 366 3373 468 3437; x_wconf 60' lang='lat' dir='ltr'><strong>eversor</strong></span> <span class='ocrx_word' id='word_1_307' title='bbox 484 3371 512 3424; x_wconf 80' lang='lat' dir='ltr'><strong>S.</strong></span> <span class='ocrx_word' id='word_1_308' title='bbox 531 3372 591 3435; x_wconf 75' lang='lat'><strong>141,</strong></span> <span class='ocrx_word' id='word_1_309' title='bbox 605 3390 660 3438; x_wconf 85' lang='lat' dir='ltr'><strong>pou</strong></span> <span class='ocrx_word' id='word_1_310' title='bbox 677 3370 718 3422; x_wconf 81' lang='lat' dir='ltr'><strong>det</strong></span> <span class='ocrx_word' id='word_1_311' title='bbox 734 3381 855 3422; x_wconf 81' lang='lat' dir='ltr'><strong>eoermeete</strong></span> <span class='ocrx_word' id='word_1_312' title='bbox 873 3371 1031 3439; x_wconf 71' lang='lat' dir='ltr'><strong>lipclydende‚</strong></span> <span class='ocrx_word' id='word_1_313' title='bbox 1048 3370 1168 3437; x_wconf 68' lang='lat' dir='ltr'><strong>sednon</strong></span> <span class='ocrx_word' id='word_1_314' title='bbox 1185 3382 1213 3424; x_wconf 87' lang='lat' dir='ltr'><strong>ot</strong></span> <span class='ocrx_word' id='word_1_315' title='bbox 1229 3371 1340 3424; x_wconf 80' lang='lat' dir='ltr'><strong>Solariet</strong></span> <span class='ocrx_word' id='word_1_316' title='bbox 1357 3381 1441 3423; x_wconf 81' lang='lat' dir='ltr'><strong>eoettee</strong></span> <span class='ocrx_word' id='word_1_317' title='bbox 1458 3372 1488 3423; x_wconf 81' lang='lat' dir='ltr'><strong>til</strong></span> 
     </span>
     <span class='ocr_line' id='line_1_33' title="bbox 298 3454 1486 3523; baseline 0.003 -17"><span class='ocrx_word' id='word_1_318' title='bbox 298 3454 370 3507; x_wconf 70' lang='lat' dir='ltr'><strong>est.</strong></span> <span class='ocrx_word' id='word_1_319' title='bbox 388 3456 407 3508; x_wconf 84' lang='grc'><strong><em>6</em></strong></span> <span class='ocrx_word' id='word_1_320' title='bbox 425 3455 465 3517; x_wconf 79' lang='lat' dir='ltr'><strong>d.)</strong></span> <span class='ocrx_word' id='word_1_321' title='bbox 482 3458 569 3509; x_wconf 91' lang='lat' dir='ltr'><strong>locum</strong></span> <span class='ocrx_word' id='word_1_322' title='bbox 586 3456 751 3523; x_wconf 88' lang='lat' dir='ltr'><strong>depositionis</strong></span> <span class='ocrx_word' id='word_1_323' title='bbox 775 3464 801 3508; x_wconf 89' lang='lat' dir='ltr'><strong>et</strong></span> <span class='ocrx_word' id='word_1_324' title='bbox 826 3458 937 3507; x_wconf 90' lang='lat' dir='ltr'><strong>modum.</strong></span> <span class='ocrx_word' id='word_1_325' title='bbox 985 3456 1051 3508; x_wconf 79' lang='lat' dir='ltr'><strong>Cum</strong></span> <span class='ocrx_word' id='word_1_326' title='bbox 1077 3457 1156 3521; x_wconf 76' lang='lat' dir='ltr'><strong>igitur</strong></span> <span class='ocrx_word' id='word_1_327' title='bbox 1180 3458 1327 3510; x_wconf 90' lang='lat' dir='ltr'><strong>huiusmodi</strong></span> <span class='ocrx_word' id='word_1_328' title='bbox 1352 3460 1486 3523; x_wconf 84' lang='lat' dir='ltr'><strong>negotium</strong></span> 
     </span>
     <span class='ocr_line' id='line_1_34' title="bbox 297 3541 1487 3606; baseline 0.001 -15"><span class='ocrx_word' id='word_1_329' title='bbox 297 3541 442 3606; x_wconf 86' lang='lat' dir='ltr'><strong>specialiter</strong></span> <span class='ocrx_word' id='word_1_330' title='bbox 458 3542 568 3593; x_wconf 88' lang='lat' dir='ltr'><strong>insideat</strong></span> <span class='ocrx_word' id='word_1_331' title='bbox 584 3543 656 3592; x_wconf 92' lang='lat' dir='ltr'><strong>cordi</strong></span> <span class='ocrx_word' id='word_1_332' title='bbox 673 3549 769 3602; x_wconf 89' lang='lat' dir='ltr'><strong>nostro,</strong></span> <span class='ocrx_word' id='word_1_333' title='bbox 787 3549 814 3592; x_wconf 90' lang='lat' dir='ltr'><strong>et</strong></span> <span class='ocrx_word' id='word_1_334' title='bbox 831 3542 864 3595; x_wconf 84' lang='lat' dir='ltr'><strong>ad</strong></span> <span class='ocrx_word' id='word_1_335' title='bbox 881 3541 1041 3596; x_wconf 84' lang='lat' dir='ltr'><strong>liberandum</strong></span> <span class='ocrx_word' id='word_1_336' title='bbox 1058 3544 1089 3592; x_wconf 92' lang='lat' dir='ltr'><strong>de</strong></span> <span class='ocrx_word' id='word_1_337' title='bbox 1107 3542 1224 3593; x_wconf 87' lang='lat' dir='ltr'><strong>manibus</strong></span> <span class='ocrx_word' id='word_1_338' title='bbox 1251 3545 1364 3606; x_wconf 87' lang='lat' dir='ltr'><strong>ipsorum</strong></span> <span class='ocrx_word' id='word_1_339' title='bbox 1394 3551 1487 3594; x_wconf 86' lang='lat' dir='ltr'><strong>terrum</strong></span> 
     </span>
     <span class='ocr_line' id='line_1_35' title="bbox 297 3626 1486 3692; baseline 0.003 -16"><span class='ocrx_word' id='word_1_340' title='bbox 297 3627 378 3692; x_wconf 89' lang='lat' dir='ltr'><strong>ipsam</strong></span> <span class='ocrx_word' id='word_1_341' title='bbox 395 3628 487 3677; x_wconf 83' lang='lat' dir='ltr'><strong>mentis</strong></span> <span class='ocrx_word' id='word_1_342' title='bbox 496 3633 583 3678; x_wconf 86' lang='lat' dir='ltr'><strong>uost&#39;re</strong></span> <span class='ocrx_word' id='word_1_343' title='bbox 592 3628 745 3678; x_wconf 89' lang='lat' dir='ltr'><strong>desiderium</strong></span> <span class='ocrx_word' id='word_1_344' title='bbox 754 3626 886 3690; x_wconf 84' lang='lat' dir='ltr'><strong>dirigatur,</strong></span> <span class='ocrx_word' id='word_1_345' title='bbox 897 3627 1044 3677; x_wconf 86' lang='lat' dir='ltr'><strong>discretioni</strong></span> <span class='ocrx_word' id='word_1_346' title='bbox 1053 3633 1096 3678; x_wconf 89' lang='lat' dir='ltr'><strong>tue</strong></span> <span class='ocrx_word' id='word_1_347' title='bbox 1105 3643 1150 3692; x_wconf 92' lang='lat' dir='ltr'><strong>per</strong></span> <span class='ocrx_word' id='word_1_348' title='bbox 1163 3643 1204 3692; x_wconf 83' lang='lat' dir='ltr'><strong>ap.</strong></span> <span class='ocrx_word' id='word_1_349' title='bbox 1220 3629 1315 3692; x_wconf 89' lang='lat' dir='ltr'><strong>scripta</strong></span> <span class='ocrx_word' id='word_1_350' title='bbox 1327 3629 1486 3689; x_wconf 76' lang='lat' dir='ltr'><strong>mandemus,</strong></span> 
     </span>
     <span class='ocr_line' id='line_1_36' title="bbox 298 3710 1486 3778; baseline 0 -16"><span class='ocrx_word' id='word_1_351' title='bbox 298 3713 330 3762; x_wconf 84' lang='lat' dir='ltr'><strong>ad</strong></span> <span class='ocrx_word' id='word_1_352' title='bbox 343 3712 522 3763; x_wconf 84' lang='lat' dir='ltr'><strong>executionem</strong></span> <span class='ocrx_word' id='word_1_353' title='bbox 538 3710 632 3777; x_wconf 83' lang='lat' dir='ltr'><strong>prefati</strong></span> <span class='ocrx_word' id='word_1_354' title='bbox 648 3711 744 3776; x_wconf 80' lang='lat' dir='ltr'><strong>negotij</strong></span> <span class='ocrx_word' id='word_1_355' title='bbox 764 3711 866 3760; x_wconf 88' lang='lat' dir='ltr'><strong>studeas</strong></span> <span class='ocrx_word' id='word_1_356' title='bbox 879 3711 1016 3775; x_wconf 78' lang='lat' dir='ltr'><strong>uigilanter</strong></span> <span class='ocrx_word' id='word_1_357' title='bbox 1025 3712 1155 3762; x_wconf 87' lang='lat' dir='ltr'><strong>intendere</strong></span> <span class='ocrx_word' id='word_1_358' title='bbox 1167 3713 1241 3763; x_wconf 84' lang='lat' dir='ltr'><strong>iuxta</strong></span> <span class='ocrx_word' id='word_1_359' title='bbox 1250 3714 1421 3778; x_wconf 89' lang='lat' dir='ltr'><strong>predictarum</strong></span> <span class='ocrx_word' id='word_1_360' title='bbox 1430 3728 1486 3777; x_wconf 88' lang='lat' dir='ltr'><strong>pre·</strong></span> 
     </span>
     <span class='ocr_line' id='line_1_37' title="bbox 298 3795 1486 3859; baseline 0 -13"><span class='ocrx_word' id='word_1_361' title='bbox 298 3796 438 3847; x_wconf 85' lang='lat' dir='ltr'><strong>decessoris</strong></span> <span class='ocrx_word' id='word_1_362' title='bbox 456 3798 567 3859; x_wconf 82' lang='lat' dir='ltr'><strong>eiusdem</strong></span> <span class='ocrx_word' id='word_1_363' title='bbox 587 3796 770 3847; x_wconf 87' lang='lat' dir='ltr'><strong>continentium</strong></span> <span class='ocrx_word' id='word_1_364' title='bbox 787 3795 938 3858; x_wconf 88' lang='lat' dir='ltr'><strong>litterarum,</strong></span> <span class='ocrx_word' id='word_1_365' title='bbox 955 3797 992 3847; x_wconf 91' lang='lat' dir='ltr'><strong>sic</strong></span> <span class='ocrx_word' id='word_1_366' title='bbox 1018 3798 1156 3859; x_wconf 88' lang='lat' dir='ltr'><strong>prudenter</strong></span> <span class='ocrx_word' id='word_1_367' title='bbox 1184 3804 1211 3846; x_wconf 90' lang='lat' dir='ltr'><strong>et</strong></span> <span class='ocrx_word' id='word_1_368' title='bbox 1240 3797 1357 3848; x_wconf 89' lang='lat' dir='ltr'><strong>consulte</strong></span> <span class='ocrx_word' id='word_1_369' title='bbox 1383 3799 1409 3846; x_wconf 89' lang='lat' dir='ltr'><strong>in</strong></span> <span class='ocrx_word' id='word_1_370' title='bbox 1437 3799 1486 3847; x_wconf 85' lang='lat' dir='ltr'><strong>bac</strong></span> 
     </span>
     <span class='ocr_line' id='line_1_38' title="bbox 296 3881 1485 3946; baseline 0 -15"><span class='ocrx_word' id='word_1_371' title='bbox 296 3890 368 3944; x_wconf 85' lang='lat' dir='ltr'><strong>parte</strong></span> <span class='ocrx_word' id='word_1_372' title='bbox 386 3889 411 3932; x_wconf 90' lang='lat' dir='ltr'><strong>te</strong></span> <span class='ocrx_word' id='word_1_373' title='bbox 430 3882 549 3946; x_wconf 83' lang='lat' dir='ltr'><strong>dirigens,</strong></span> <span class='ocrx_word' id='word_1_374' title='bbox 566 3889 596 3932; x_wconf 88' lang='lat' dir='ltr'><strong>ut</strong></span> <span class='ocrx_word' id='word_1_375' title='bbox 614 3883 645 3932; x_wconf 89' lang='lat' dir='ltr'><strong>ab</strong></span> <span class='ocrx_word' id='word_1_376' title='bbox 670 3897 700 3932; x_wconf 92' lang='lat' dir='ltr'><strong>eo</strong></span> <span class='ocrx_word' id='word_1_377' title='bbox 727 3882 769 3944; x_wconf 91' lang='lat' dir='ltr'><strong>qui</strong></span> <span class='ocrx_word' id='word_1_378' title='bbox 796 3887 835 3930; x_wconf 92' lang='lat' dir='ltr'><strong>est</strong></span> <span class='ocrx_word' id='word_1_379' title='bbox 859 3882 985 3930; x_wconf 91' lang='lat' dir='ltr'><strong>bonorum</strong></span> <span class='ocrx_word' id='word_1_380' title='bbox 1012 3881 1126 3931; x_wconf 85' lang='lat' dir='ltr'><strong>om&#39;uium</strong></span> <span class='ocrx_word' id='word_1_381' title='bbox 1151 3882 1287 3933; x_wconf 87' lang='lat' dir='ltr'><strong>retributor</strong></span> <span class='ocrx_word' id='word_1_382' title='bbox 1313 3882 1485 3933; x_wconf 86' lang='lat' dir='ltr'><strong>retributionis</strong></span> 
     </span>
     <span class='ocr_line' id='line_1_39' title="bbox 294 3965 1483 4030; baseline 0.001 -16"><span class='ocrx_word' id='word_1_383' title='bbox 294 3966 420 4027; x_wconf 88' lang='lat' dir='ltr'><strong>premium</strong></span> <span class='ocrx_word' id='word_1_384' title='bbox 438 3974 464 4016; x_wconf 88' lang='lat' dir='ltr'><strong>et</strong></span> <span class='ocrx_word' id='word_1_385' title='bbox 481 3982 497 4016; x_wconf 91' lang='lat' dir='ltr'><strong>u</strong></span> <span class='ocrx_word' id='word_1_386' title='bbox 513 3967 587 4016; x_wconf 90' lang='lat' dir='ltr'><strong>uobis</strong></span> <span class='ocrx_word' id='word_1_387' title='bbox 605 3965 688 4016; x_wconf 91' lang='lat' dir='ltr'><strong>laudis</strong></span> <span class='ocrx_word' id='word_1_388' title='bbox 707 3966 795 4015; x_wconf 89' lang='lat' dir='ltr'><strong>titulos</strong></span> <span class='ocrx_word' id='word_1_389' title='bbox 814 3974 839 4015; x_wconf 92' lang='lat' dir='ltr'><strong>et</strong></span> <span class='ocrx_word' id='word_1_390' title='bbox 856 3967 964 4028; x_wconf 78' lang='lat' dir='ltr'><strong>gratiam</strong></span> <span class='ocrx_word' id='word_1_391' title='bbox 982 3966 1084 4030; x_wconf 83' lang='lat' dir='ltr'><strong>sesequi</strong></span> <span class='ocrx_word' id='word_1_392' title='bbox 1107 3967 1236 4017; x_wconf 76' lang='lat' dir='ltr'><strong>mercede.</strong></span> <span class='ocrx_word' id='word_1_393' title='bbox 1280 3967 1378 4018; x_wconf 89' lang='lat' dir='ltr'><strong>Datum</strong></span> <span class='ocrx_word' id='word_1_394' title='bbox 1403 3967 1483 4018; x_wconf 87' lang='lat' dir='ltr'><strong>Rome</strong></span> 
     </span>
    </p>
   </div>
   <div class='ocr_carea' id='block_1_6' title="bbox 296 4050 1291 4182">
    <p class='ocr_par' dir='ltr' id='par_1_6' title="bbox 296 4050 1291 4182">
     <span class='ocr_line' id='line_1_40' title="bbox 296 4050 1291 4116; baseline 0.003 -17"><span class='ocrx_word' id='word_1_395' title='bbox 296 4052 364 4116; x_wconf 86' lang='lat' dir='ltr'><strong>apud</strong></span> <span class='ocrx_word' id='word_1_396' title='bbox 382 4059 498 4102; x_wconf 88' lang='lat' dir='ltr'><strong>sanctum</strong></span> <span class='ocrx_word' id='word_1_397' title='bbox 517 4050 622 4101; x_wconf 86' lang='lat' dir='ltr'><strong>Petrum</strong></span> <span class='ocrx_word' id='word_1_398' title='bbox 640 4052 696 4101; x_wconf 88' lang='lat' dir='ltr'><strong>idus</strong></span> <span class='ocrx_word' id='word_1_399' title='bbox 714 4050 786 4113; x_wconf 85' lang='lat' dir='ltr'><strong>Juuij</strong></span> <span class='ocrx_word' id='word_1_400' title='bbox 805 4050 969 4114; x_wconf 71' lang='lat' dir='ltr'><strong>pontificatus</strong></span> <span class='ocrx_word' id='word_1_401' title='bbox 987 4051 1071 4100; x_wconf 86' lang='lat' dir='ltr'><strong>nostri·</strong></span> <span class='ocrx_word' id='word_1_402' title='bbox 1086 4064 1154 4101; x_wconf 84' lang='lat' dir='ltr'><strong>euno</strong></span> <span class='ocrx_word' id='word_1_403' title='bbox 1171 4052 1291 4102; x_wconf 85' lang='lat' dir='ltr'><strong>secundo.</strong></span> 
     </span>
     <span class='ocr_line' id='line_1_41' title="bbox 656 4130 1128 4182; baseline -0.004 -9"><span class='ocrx_word' id='word_1_404' title='bbox 656 4130 1128 4182; x_wconf 52' lang='lat' dir='ltr'><strong>uwwfflmmmmstmffl)</strong></span> 
     </span>
    </p>
   </div>
   <div class='ocr_carea' id='block_1_7' title="bbox 689 4356 1096 4443">
    <p class='ocr_par' dir='ltr' id='par_1_7' title="bbox 689 4356 1096 4443">
     <span class='ocr_line' id='line_1_42' title="bbox 689 4356 1096 4443; baseline 0.002 -27"><span class='ocrx_word' id='word_1_405' title='bbox 689 4358 738 4443; x_wconf 74' lang='lat' dir='ltr'><strong>ur.</strong></span> <span class='ocrx_word' id='word_1_406' title='bbox 784 4356 873 4415; x_wconf 78' lang='lat'><strong>1279.</strong></span> <span class='ocrx_word' id='word_1_407' title='bbox 921 4356 995 4416; x_wconf 76' lang='lat' dir='ltr'><strong>ren</strong></span> <span class='ocrx_word' id='word_1_408' title='bbox 1016 4357 1096 4417; x_wconf 74' lang='lat' dir='ltr'><strong>runi.</strong></span> 
     </span>
    </p>
   </div>
   <div class='ocr_carea' id='block_1_8' title="bbox 297 4472 1486 4878">
    <p class='ocr_par' dir='ltr' id='par_1_8' title="bbox 297 4472 1486 4878">
     <span class='ocr_line' id='line_1_43' title="bbox 362 4472 1486 4540; baseline 0.003 -17"><span class='ocrx_word' id='word_1_409' title='bbox 362 4472 485 4523; x_wconf 86' lang='lat' dir='ltr'><strong>Nicolaus</strong></span> <span class='ocrx_word' id='word_1_410' title='bbox 503 4475 636 4539; x_wconf 89' lang='lat' dir='ltr'><strong>episcopus</strong></span> <span class='ocrx_word' id='word_1_411' title='bbox 654 4490 673 4523; x_wconf 87' lang='lat' dir='ltr'><strong>s.</strong></span> <span class='ocrx_word' id='word_1_412' title='bbox 692 4489 712 4524; x_wconf 90' lang='lat' dir='ltr'><strong>s.</strong></span> <span class='ocrx_word' id='word_1_413' title='bbox 732 4474 756 4523; x_wconf 89' lang='lat' dir='ltr'><strong>d.</strong></span> <span class='ocrx_word' id='word_1_414' title='bbox 773 4472 897 4523; x_wconf 78' lang='lat' dir='ltr'><strong>uniuersis</strong></span> <span class='ocrx_word' id='word_1_415' title='bbox 922 4473 1049 4539; x_wconf 80' lang='lat' dir='ltr'><strong>prioribus</strong></span> <span class='ocrx_word' id='word_1_416' title='bbox 1072 4475 1269 4540; x_wconf 82' lang='lat' dir='ltr'><strong>predicatorum,</strong></span> <span class='ocrx_word' id='word_1_417' title='bbox 1287 4489 1318 4525; x_wconf 86' lang='lat' dir='ltr'><strong>sc</strong></span> <span class='ocrx_word' id='word_1_418' title='bbox 1341 4474 1486 4540; x_wconf 76' lang='lat' dir='ltr'><strong>guardieuis</strong></span> 
     </span>
     <span class='ocr_line' id='line_1_44' title="bbox 297 4556 1486 4624; baseline 0.004 -18"><span class='ocrx_word' id='word_1_419' title='bbox 297 4557 422 4608; x_wconf 83' lang='lat' dir='ltr'><strong>minorum</strong></span> <span class='ocrx_word' id='word_1_420' title='bbox 440 4557 547 4606; x_wconf 82' lang='lat' dir='ltr'><strong>fratrum</strong></span> <span class='ocrx_word' id='word_1_421' title='bbox 566 4559 682 4608; x_wconf 88' lang='lat' dir='ltr'><strong>ordinum</strong></span> <span class='ocrx_word' id='word_1_422' title='bbox 700 4572 730 4608; x_wconf 86' lang='lat' dir='ltr'><strong>uc</strong></span> <span class='ocrx_word' id='word_1_423' title='bbox 748 4556 868 4607; x_wconf 85' lang='lat' dir='ltr'><strong>iratribus</strong></span> <span class='ocrx_word' id='word_1_424' title='bbox 887 4559 1034 4608; x_wconf 88' lang='lat' dir='ltr'><strong>eorumdem</strong></span> <span class='ocrx_word' id='word_1_425' title='bbox 1052 4560 1169 4610; x_wconf 86' lang='lat' dir='ltr'><strong>ordinum</strong></span> <span class='ocrx_word' id='word_1_426' title='bbox 1187 4575 1232 4624; x_wconf 90' lang='lat' dir='ltr'><strong>per</strong></span> <span class='ocrx_word' id='word_1_427' title='bbox 1253 4560 1331 4611; x_wconf 92' lang='lat' dir='ltr'><strong>Datie</strong></span> <span class='ocrx_word' id='word_1_428' title='bbox 1349 4571 1375 4610; x_wconf 90' lang='lat' dir='ltr'><strong>et</strong></span> <span class='ocrx_word' id='word_1_429' title='bbox 1400 4561 1486 4612; x_wconf 85' lang='lat' dir='ltr'><strong>Sueiie</strong></span> 
     </span>
     <span class='ocr_line' id='line_1_45' title="bbox 298 4641 1486 4711; baseline 0.006 -24"><span class='ocrx_word' id='word_1_430' title='bbox 298 4653 375 4704; x_wconf 74' lang='lat' dir='ltr'><strong>regna</strong></span> <span class='ocrx_word' id='word_1_431' title='bbox 387 4641 531 4693; x_wconf 90' lang='lat' dir='ltr'><strong>constitutis</strong></span> <span class='ocrx_word' id='word_1_432' title='bbox 549 4642 657 4696; x_wconf 83' lang='lat' dir='ltr'><strong>sulutem</strong></span> <span class='ocrx_word' id='word_1_433' title='bbox 675 4651 723 4692; x_wconf 88' lang='lat' dir='ltr'><strong>etc.</strong></span> <span class='ocrx_word' id='word_1_434' title='bbox 760 4642 938 4692; x_wconf 80' lang='lat' dir='ltr'><strong>Intelleximus</strong></span> <span class='ocrx_word' id='word_1_435' title='bbox 947 4645 1016 4706; x_wconf 88' lang='lat' dir='ltr'><strong>quod</strong></span> <span class='ocrx_word' id='word_1_436' title='bbox 1028 4645 1070 4708; x_wconf 91' lang='lat' dir='ltr'><strong>pia</strong></span> <span class='ocrx_word' id='word_1_437' title='bbox 1079 4644 1183 4694; x_wconf 90' lang='lat' dir='ltr'><strong>deuotio</strong></span> <span class='ocrx_word' id='word_1_438' title='bbox 1192 4643 1305 4695; x_wconf 83' lang='lat' dir='ltr'><strong>fidelium</strong></span> <span class='ocrx_word' id='word_1_439' title='bbox 1314 4644 1416 4695; x_wconf 85' lang='lat' dir='ltr'><strong>illerum</strong></span> <span class='ocrx_word' id='word_1_440' title='bbox 1425 4659 1486 4711; x_wconf 85' lang='lat' dir='ltr'><strong>par·</strong></span> 
     </span>
     <span class='ocr_line' id='line_1_46' title="bbox 301 4725 1486 4794; baseline 0.004 -21"><span class='ocrx_word' id='word_1_441' title='bbox 301 4726 360 4777; x_wconf 89' lang='lat' dir='ltr'><strong>tium</strong></span> <span class='ocrx_word' id='word_1_442' title='bbox 373 4725 498 4776; x_wconf 84' lang='lat' dir='ltr'><strong>nonnulla</strong></span> <span class='ocrx_word' id='word_1_443' title='bbox 511 4726 584 4777; x_wconf 90' lang='lat' dir='ltr'><strong>uobis</strong></span> <span class='ocrx_word' id='word_1_444' title='bbox 597 4726 713 4777; x_wconf 83' lang='lat' dir='ltr'><strong>exhibuit</strong></span> <span class='ocrx_word' id='word_1_445' title='bbox 724 4726 751 4777; x_wconf 90' lang='lat' dir='ltr'><strong>in</strong></span> <span class='ocrx_word' id='word_1_446' title='bbox 760 4734 825 4777; x_wconf 91' lang='lat' dir='ltr'><strong>terre</strong></span> <span class='ocrx_word' id='word_1_447' title='bbox 835 4735 922 4778; x_wconf 87' lang='lat' dir='ltr'><strong>suncts</strong></span> <span class='ocrx_word' id='word_1_448' title='bbox 936 4729 1076 4779; x_wconf 90' lang='lat' dir='ltr'><strong>subsidium</strong></span> <span class='ocrx_word' id='word_1_449' title='bbox 1089 4730 1270 4792; x_wconf 87' lang='lat' dir='ltr'><strong>conuertenda,</strong></span> <span class='ocrx_word' id='word_1_450' title='bbox 1280 4744 1328 4792; x_wconf 88' lang='lat' dir='ltr'><strong>qne</strong></span> <span class='ocrx_word' id='word_1_451' title='bbox 1338 4745 1385 4779; x_wconf 90' lang='lat' dir='ltr'><strong>uos</strong></span> <span class='ocrx_word' id='word_1_452' title='bbox 1394 4729 1486 4794; x_wconf 91' lang='lat' dir='ltr'><strong>cupitis</strong></span> 
     </span>
     <span class='ocr_line' id='line_1_47' title="bbox 300 4812 1486 4878; baseline 0.005 -21"><span class='ocrx_word' id='word_1_453' title='bbox 300 4819 366 4860; x_wconf 88' lang='lat' dir='ltr'><strong>certe</strong></span> <span class='ocrx_word' id='word_1_454' title='bbox 382 4825 492 4875; x_wconf 88' lang='lat' dir='ltr'><strong>persone</strong></span> <span class='ocrx_word' id='word_1_455' title='bbox 511 4812 542 4860; x_wconf 90' lang='lat' dir='ltr'><strong>de</strong></span> <span class='ocrx_word' id='word_1_456' title='bbox 560 4819 648 4860; x_wconf 84' lang='lat' dir='ltr'><strong>uestro</strong></span> <span class='ocrx_word' id='word_1_457' title='bbox 666 4812 827 4877; x_wconf 87' lang='lat' dir='ltr'><strong>beneplacito</strong></span> <span class='ocrx_word' id='word_1_458' title='bbox 844 4814 983 4876; x_wconf 76' lang='lat' dir='ltr'><strong>assignare.</strong></span> <span class='ocrx_word' id='word_1_459' title='bbox 1001 4813 1056 4864; x_wconf 84' lang='lat' dir='ltr'><strong>Nos</strong></span> <span class='ocrx_word' id='word_1_460' title='bbox 1073 4816 1158 4878; x_wconf 86' lang='lat' dir='ltr'><strong>itaqua</strong></span> <span class='ocrx_word' id='word_1_461' title='bbox 1176 4821 1286 4865; x_wconf 87' lang='lat' dir='ltr'><strong>uestram</strong></span> <span class='ocrx_word' id='word_1_462' title='bbox 1300 4814 1331 4863; x_wconf 85' lang='lat' dir='ltr'><strong>in</strong></span> <span class='ocrx_word' id='word_1_463' title='bbox 1348 4815 1396 4864; x_wconf 86' lang='lat' dir='ltr'><strong>buc</strong></span> <span class='ocrx_word' id='word_1_464' title='bbox 1414 4821 1486 4878; x_wconf 86' lang='lat' dir='ltr'><strong>parte</strong></span> 
     </span>
    </p>
   </div>
   <div class='ocr_carea' id='block_1_9' title="bbox 0 0 1796 5625">
    <p class='ocr_par' dir='ltr' id='par_1_9' title="bbox 0 0 1796 5625">
     <span class='ocr_line' id='line_1_48' title="bbox 0 0 1796 5625; baseline 0 1"><span class='ocrx_word' id='word_1_465' title='bbox 0 0 1796 5625; x_wconf 95' lang='lat' dir='ltr'><strong> </strong></span> 
     </span>
    </p>
   </div>
  </div>
 </body>
</html>
