3584 5625
872 476 932 535 140

302 667 434 726 posterum
452 660 485 709 ad
502 674 565 723 quas
584 665 707 723 spectant.
725 659 878 709 auctoritate
894 658 1059 711 'concedimus
1088 661 1241 725 supradicta.
1288 659 1409 725 Amplius
1435 676 1493 710 cum

293 728 375 795 ¹sedes
393 745 508 809 predicta
525 744 585 793 olim
603 746 767 794 centesimam
793 754 967 808 prouentuum
986 745 1215 795 ecclesiasticorum
1238 761 1284 810 per
1310 748 1398 796 omnia
1420 745 1493 797 curt·

304 830 387 880 stiana
405 845 484 893 regna
502 828 614 879 subsidio
632 829 974 893 deputaueritrsupradicto,
998 845 1045 879 uec
1074 831 1107 879 sit
1136 834 1291 881 conueniens
1320 832 1389 895 quod
1417 831 1494 881 simul

303 930 351 979 pro
369 924 437 964 terra
454 913 553 978 prelata
571 915 622 963 duo
641 914 753 963 subsidia
771 914 934 977 colligantur,
951 929 997 964 nos
1015 915 1179 965 centesimam
1197 916 1342 966 huiusmodi
1363 915 1494 965 remitten-

303 1006 342 1049 tes
360 999 386 1048 iu
404 999 468 1048 locis
485 1000 512 1048 iu
529 998 620 1062 quibus
638 1013 689 1048 uon
708 1001 794 1049 extitit
811 1016 856 1063 per
873 1008 1023 1049 executores
1040 999 1137 1050 indicta
1153 1002 1270 1052 volumus
1288 1010 1314 1052 et
1331 1001 1493 1060 mandamus,

303 1091 331 1133 vt
348 1084 440 1147 singuli
458 1091 571 1133 vestrum
588 1098 634 1147 per
651 1098 678 1133 se
695 1084 737 1133 vel
754 1084 819 1134 alios
837 1085 1002 1134 centesimam
1020 1085 1101 1149 ipsam
1118 1086 1145 1134 in
1169 1086 1235 1135 locis
1261 1086 1308 1135 tibi
1334 1084 1444 1135 subditis
1466 1084 1495 1134 iu

303 1169 395 1234 quibus
412 1169 508 1217 indicta
525 1166 582 1224 fuit,
601 1178 627 1217 et
643 1183 696 1218 uon
713 1168 799 1217 extitit
815 1169 947 1233 persoluta
963 1185 980 1219 a
997 1178 1112 1233 tempore
1140 1186 1191 1235 quo
1217 1172 1314 1220 indicta
1340 1169 1495 1234 mitraque

303 1256 336 1303 ad
355 1262 454 1318 tempus
472 1254 585 1317 predicte
614 1253 718 1314 decime,
744 1253 831 1315 legata
860 1267 962 1317 quoque
987 1253 1015 1301 in
1040 1255 1136 1304 eisdem
1160 1255 1225 1305 locis
1243 1256 1357 1306 subsidio
1375 1255 1494 1319 predicto

302 1339 399 1399 relicta,
429 1353 517 1390 omnes
544 1352 644 1401 quoque
670 1338 836 1388 obuentiones
862 1340 1027 1402 undecunque
1045 1348 1071 1389 et
1088 1340 1294 1404 qualitercunque
1311 1339 1360 1403 ipsi
1378 1338 1495 1390 subsidio

302 1425 329 1473 in
346 1422 409 1472 locis
427 1423 605 1481 prouenientes
623 1424 718 1473 eisdem
736 1433 789 1472 tam
805 1440 852 1488 pro
875 1432 988 1488 tempore
1005 1425 1126 1489 preterito
1143 1439 1218 1488 quam
1248 1424 1334 1474 sutoro
1363 1423 1500 1492 colligatis

302 1508 469 1572 integraliter,
486 1516 513 1557 et
530 1508 638 1557 fideliter
655 1510 817 1566 consenueris,
836 1523 916 1572 eaque
934 1513 1018 1558 omnia
1035 1524 1113 1573 penes
1139 1508 1197 1559 illos
1223 1510 1264 1572 qui
1296 1509 1423 1559 decimam
1449 1524 1496 1573 per

302 1608 350 1643 nos
368 1593 449 1642 eidem
468 1592 581 1642 subsidio
600 1594 748 1656 deputatam
766 1593 942 1651 custodierint,
960 1594 992 1642 ad
1011 1609 1076 1659 opus
1093 1594 1199 1657 predicti
1218 1593 1323 1655 subsidij
1347 1594 1494 1657 deponatis,

303 1678 426 1728 iacientes
444 1677 623 1728 nichilominus
641 1678 710 1741 quud
728 1678 759 1726 de
777 1685 866 1727 trunco
885 1678 911 1727 in
929 1678 1079 1743 supradicto,
1103 1678 1211 1728 concilio
1237 1678 1384 1728 ordinatum
1407 1679 1497 1729 extitit

302 1764 440 1814 obseruari.
487 1762 616 1812 Videlicet
640 1773 667 1811 vt
694 1762 720 1811 in
746 1762 853 1825 singulis
879 1762 995 1825 eeclesijs
1013 1771 1117 1813 truncus
1135 1774 1245 1827 ponatur
1262 1778 1392 1813 concauus
1411 1764 1494 1814 tribus

302 1848 418 1897 clunibus
436 1849 611 1911 consignatus,
630 1848 711 1908 prima
729 1862 806 1910 penes
824 1848 979 1911 episcopum,
998 1850 1110 1898 secunda
1133 1862 1210 1912 penes
1236 1849 1343 1897 ecclesie
1366 1850 1494 1899 sacerdo·

302 1940 362 1990 tem,
380 1934 454 1981 tertia
472 1948 516 1995 per
534 1932 642 1995 aliquem
660 1933 808 1995 religiosum
827 1932 920 1981 laicum
938 1933 1128 1984 conseruandis.
1146 1940 1173 1982 et
1189 1934 1215 1982 in
1232 1948 1264 1983 eo
1279 1934 1367 1983 fideles
1377 1933 1495 1999 quilibet,

299 2019 374 2068 iuxta
391 2019 459 2082 quod
477 2019 592 2068 dominus
610 2033 698 2067 eorum
717 2019 842 2067 mentibus
869 2018 1030 2081 inspirauerit
1047 2034 1107 2067 suas
1125 2018 1301 2083 eleemosynas
1317 2020 1447 2078 deponere
1466 2019 1494 2068 iu

301 2103 475 2152 remissionem
494 2118 598 2151 suorum
617 2102 791 2167 peccaminum
809 2114 969 2163 moneamur,
992 2113 1017 2153 et
1035 2103 1060 2152 in
1077 2104 1137 2168 ipsis
1155 2101 1270 2165 ecclesijs
1288 2103 1366 2153 semel
1383 2103 1411 2151 in
1429 2104 1494 2153 heb·

301 2189 411 2237 domada
429 2203 474 2250 pro
493 2188 642 2237 remissione
660 2188 805 2238 huiusmodi
823 2198 987 2252 peccatorum
1005 2200 1031 2238 et
1048 2190 1180 2253 presertim
1199 2187 1360 2238 offerentium
1380 2188 1493 2238 eleemo-
1526 2217 1531 2224 ,

301 2287 378 2337 synas
396 2275 474 2322 certia
493 2274 542 2326 die,
561 2288 635 2337 quam
655 2282 741 2322 tamen
759 2275 878 2322 sacerdos
893 2273 1170 2335 pronuncietpopulo,
1183 2273 1260 2322 missa
1278 2273 1378 2336 publice
1397 2274 1493 2323 decan·
1527 2323 1530 2332 ,

300 2366 377 2408 tetur.
424 2357 608 2407 Concedimus‘
621 2360 732 2422 insuper,
751 2368 778 2408 vt
795 2361 815 2407 si
833 2358 910 2422 aliqui
930 2359 1164 2421 crucesignatorum
1181 2356 1247 2407 inira
1266 2367 1399 2421 tempusa
1416 2359 1492 2409 uobis

300 2445 332 2493 ad
350 2453 436 2492 votum
456 2445 632 2507 exequendum
649 2444 794 2495 huiusmodi
812 2445 995 2507 assignandum
1014 2444 1175 2504 decesserint,
1192 2442 1294 2491 illarum
1317 2444 1492 2507 indulgentia·

298 2544 355 2579 rum
373 2537 398 2579 et
416 2529 555 2591 gratiarum
573 2528 623 2577 sint
640 2530 713 2590 plene
731 2532 875 2594 participes,
894 2544 945 2593 qua
962 2529 1115 2577 obeuntibus
1132 2528 1158 2576 in
1172 2527 1284 2576 eiusdem
1301 2535 1368 2577 terre
1382 2530 1491 2579 seruitio
1560 2549 1562 2552 ·

295 2623 358 2664 suut
382 2628 512 2663 concesse.
560 2611 741 2664 commutandi
768 2615 801 2664 ad
825 2615 873 2664 hec
899 2614 1047 2677 apersouis
1065 2614 1202 2662 earundem
1220 2614 1349 2663 diocesuur
1367 2612 1491 2663 amissum

212 2743 219 2756 ,
296 2699 455 2756 ieiuniorum,
474 2713 505 2749 ac
523 2699 658 2749 cuiuslibet
675 2700 885 2763 peregrinationis
912 2706 1000 2748 votum
1028 2699 1055 2747 iu
1080 2696 1176 2759 negotij
1203 2698 1310 2761 predicti
1336 2696 1490 2758 subsidium,

296 2797 328 2834 ac
345 2783 422 2833 etiam
439 2797 484 2847 per
502 2797 635 2834 censuram
660 2785 861 2843 ecclesiasticam
885 2785 1076 2847 crucesignatos
1094 2782 1222 2848 quoslibet
1239 2783 1414 2848 cuiuscunque
1430 2784 1488 2848 dig-

297 2869 385 2918 nitatis
403 2870 443 2918 vel
461 2869 613 2918 conditionis
631 2867 732 2933 fuerint,
742 2872 919 2934 compellendi,
938 2878 965 2919 vt
982 2871 1009 2919 in
1026 2871 1117 2918 eodem
1136 2868 1244 2918 termino
1262 2868 1325 2917 illud
1342 2870 1487 2930 executuri,

298 2955 330 3004 ad
341 2954 441 3003 'terram
458 2955 598 3018 predictam
616 2957 749 3017 accedant,
767 2955 807 3003 vel
825 2956 909 3019 ipsum
926 2956 1059 3014 redimant,
1077 2954 1097 3003 si
1122 2953 1237 3016 legitimo
1261 2952 1354 3003 fuerint
1379 2953 1487 3016 impedi·

296 3046 383 3088 mento
402 3039 504 3096 detenti,
524 3048 550 3088 et
566 3055 612 3088 vos
631 3041 743 3102 pensatis
760 3055 934 3104 personarum,
951 3047 977 3088 et
995 3037 1052 3097 alijs
1071 3038 1268 3100 circumstantijs
1286 3039 1349 3088 illud
1371 3039 1487 3089 videritis

295 3124 478 3172 redimendum.
513 3123 544 3173 In
561 3124 611 3172 hoc
629 3133 717 3173 autum
734 3132 760 3173 et
777 3124 835 3187 alijs
852 3124 981 3188 premissis
999 3122 1120 3183 articulis,
1139 3125 1164 3172 in
1187 3123 1276 3187 quibus
1300 3124 1385 3187 aliqua
1401 3131 1487 3174 vestre

297 3208 530 3271 circumspectionis
548 3209 651 3258 arbitrio
670 3210 854 3273 relinquuntur,
874 3208 985 3257 maxime
1004 3209 1040 3258 sic
1052 3209 1327 3258 vestrasconscientias
1338 3224 1485 3266 oneramus,

296 3299 324 3341 vt
341 3293 367 3341 iu
386 3294 427 3342 die
444 3295 523 3342 stricti
542 3294 667 3342 examinis
687 3295 821 3345 teneamini
839 3302 957 3344 exectum
974 3295 1079 3342 reddere
1102 3295 1234 3344 rationem.
1262 3295 1400 3358 deputandi
1422 3309 1487 3358 quo·

297 3391 345 3440 que
363 3393 485 3442 personas
503 3379 608 3428 idoneas
626 3379 652 3428 in
670 3362 925 3431 eisdemdiocesibus
944 3380 977 3428 ad
994 3379 1180 3442 redemptiones
1208 3379 1352 3428 huiusmodi
1374 3379 1489 3430 fideliter

296 3462 462 3525 colligendas,
481 3472 507 3513 et
523 3464 569 3512 sub
585 3464 729 3514 testimonio
747 3465 859 3514 fidelium
878 3464 1042 3524 consignatas
1060 3466 1222 3527 deponendas
1239 3467 1266 3514 in
1279 3473 1344 3525 tuto,
1354 3479 1487 3529 quousque

296 3562 342 3611 per
360 3563 405 3598 uos
424 3549 577 3613 dispositum
596 3549 680 3609 luerit,
699 3550 806 3614 qualiter
824 3551 849 3598 in
867 3550 1013 3599 huiusmodi
1035 3551 1176 3599 subsidium
1200 3559 1393 3609 conuertantur,
1412 3551 1487 3600 vobis

296 3630 398 3695 plenum
415 3633 547 3682 tribuimus
565 3632 723 3703 facultatem.
769 3633 896 3684 Volumus
923 3645 1038 3698 preterea
1056 3645 1082 3685 et
1099 3635 1271 3695 concedimus,
1289 3645 1316 3685 rt
1333 3651 1379 3686 vos
1397 3636 1488 3699 quiin

296 3715 382 3766 officio
400 3718 579 3780 predicationis
597 3721 677 3769 crucis
703 3736 749 3783 pro
767 3720 878 3784 presenti
898 3721 1001 3782 negotio
1020 3735 1064 3783 per
1080 3720 1215 3783 triennium
1229 3721 1352 3770 duxeritis
1365 3722 1488 3771 laboran-

296 3803 364 3862 dum,
388 3802 438 3852 illis
461 3803 621 3853 immunitate
650 3821 680 3854 ac
709 3805 1021 3870 priuilegtjsguudeatis,
1048 3805 1166 3869 illiusque
1192 3805 1359 3868 indulgentie,
1386 3809 1488 3858 etiamsi

242 3898 245 3904 ¹
294 3886 362 3937 infra
378 3887 460 3951 ipsum
479 3889 613 3939 triennium
631 3869 689 3940 cum
707 3891 846 3940 intentione
865 3891 1002 3951 decedatis,
1025 3891 1171 3939 huiusmodi
1198 3891 1252 3940 sitis
1270 3891 1416 3956 participes,
1436 3909 1486 3957 que

295 3974 463 4036 personaliter
479 3973 506 4022 in
534 3984 599 4023 terre
624 3977 738 4038 predicte
766 3977 905 4026 subsidium
933 3975 1156 4025 transfretantibus
1179 3977 1205 4025 in
1231 3977 1343 4039 generali
1373 3979 1486 4029 concilio

293 4065 435 4107 noscuntur
452 4073 507 4108 esse
533 4074 660 4128 concessa.
704 4060 832 4111 Volumus
859 4062 963 4124 insuper
981 4069 1007 4111 ct
1023 4062 1179 4125 presentium
1199 4063 1351 4111 auctoritate
1370 4063 1486 4114 districte

295 4143 457 4207 precipimus,
475 4147 543 4207 quod
559 4147 585 4194 in
603 4147 731 4210 premissis
749 4147 905 4211 exequendis
923 4147 978 4196 sitis
996 4146 1100 4196 solliciti
1118 4153 1145 4195 et
1160 4147 1259 4207 attenti,
1272 4162 1319 4197 uec
1336 4149 1364 4196 in
1379 4148 1486 4198 illorum

294 4229 446 4278 executione
464 4231 529 4280 alter
546 4231 654 4281 alterum
679 4231 801 4295 impediat
826 4233 866 4281 vel
892 4232 1031 4296 perturbet,
1079 4230 1140 4280 Non
1166 4232 1285 4282 obstante
1310 4234 1331 4282 si
1357 4232 1485 4297 aliquibus

294 4315 362 4378 quod
380 4317 603 4377 excommunicari,
622 4319 741 4380 suspendi
760 4317 800 4366 vel
818 4319 934 4367 interdici
952 4333 1005 4366 non
1022 4318 1167 4377 valeanus
1193 4317 1261 4368 dicta
1290 4319 1349 4368 sede
1376 4319 1485 4370 forsitan

209 4442 212 4452 ,
294 4400 328 4449 sit
346 4399 482 4460 indultum,
500 4409 525 4452 et
549 4403 703 4467 quibuslibet
725 4403 782 4465 aliJs
809 4403 984 4466 indulgentijs,
1012 4418 1057 4452 seu
1085 4400 1236 4466 priuilegijs,
1263 4418 1308 4452 seu
1332 4403 1424 4454 litteris
1451 4406 1485 4455 ab

293 4486 381 4534 eadem
399 4487 459 4534 sede
476 4486 594 4549 obientis,
612 4502 722 4552 perque
741 4487 855 4551 predicta
872 4488 989 4552 impediri
1006 4489 1046 4537 vel
1070 4486 1151 4537 differi
1176 4489 1281 4549 possint,
1298 4495 1325 4538 et
1343 4490 1374 4539 de
1392 4490 1483 4554 quibus

292 4570 429 4634 specialem
447 4579 564 4634 oporteat
581 4573 607 4621 in
625 4572 784 4635 presentibus
810 4572 863 4621 fieri
890 4574 1050 4624 mentionem.
1091 4573 1189 4622 Datum
1214 4573 1334 4636 Lugduni
1360 4589 1411 4623 xv.
1437 4575 1483 4624 lra-

291 4656 381 4706 lendas
400 4656 518 4707 Octobris
536 4657 699 4720 pontificatus
717 4657 798 4707 nostri
816 4673 883 4707 auno
903 4659 987 4707 tertio.

291 4739 352 4786 (diter
365 4739 463 4786 Altrylrlret
476 4739 497 4776 si
510 4740 575 4777 Butler
590 4741 609 4778 til
625 4741 740 4789 Erlsebisirop
755 4741 811 4779 Folle
826 4741 847 4779 ai
859 4741 943 4788 lipparis
958 4742 962 4777 l
977 4741 1056 4778 vastors
1073 4741 1120 4778 Vitis
1134 4741 1229 4790 aquilonis
1239 4742 1258 4780 S.
1270 4740 1313 4787 tet,
1324 4749 1351 4788 og
1358 4741 1482 4790 tripleurus.

293 4791 422 4829 suesanus
437 4789 480 4828 584.
507 4792 535 4828 En
550 4791 639 4837 llgnende
655 4792 707 4829 Bulla
721 4793 739 4830 til
755 4791 928 4830 Pradioatorarnes
943 4792 1099 4840 Provincialprtor
1114 4791 1142 4829 ior
1155 4791 1237 4837 Norden,
1253 4791 1324 4830 deteret
1338 4793 1381 4830 lits
1399 4794 1481 4832 liorem-

473 4842 514 4887 ber,
529 4841 572 4879 med
587 4841 611 4880 ds
624 4842 743 4890 uadvendige
756 4843 914 4886 lloditlcstioner,
928 4842 989 4880 tudes
1002 4843 1071 4890 sltrylu
1084 4844 1090 4880 i
1103 4843 1152 4890 ltipl.
1168 4843 1191 4882 ll.
1205 4843 1240 4881 llo.
1255 4841 1299 4883 set.
