3584 5625
810 469 907 558 rr*

239 661 305 718 dam
329 660 414 719 certis
435 658 518 718 annis
539 668 608 717 tuno
631 658 774 734 preteritis
796 657 955 733 eollegerat
983 658 1132 716 denarium
1161 657 1238 716 beati
1267 658 1356 734 Petri,
1389 659 1425 716 de

240 762 410 839 episcopatu
432 780 485 821 suo
506 759 675 820 Orcadensi.
708 780 793 837 quem
827 758 978 817 denarium
1007 777 1058 818 seu
1080 757 1213 817 *sonsum
1246 760 1323 818 beati
1346 759 1426 819 Petri

239 864 355 922 dicebat
377 873 406 921 et
428 863 576 921 asserebat
596 862 690 920 dictus
712 862 865 938 episcopus
888 860 1063 920 Orcadsnsis
1094 859 1132 916 ad
1164 859 1316 919 ecclesiam
1348 861 1425 919 beati

238 965 336 1041 magni
354 963 530 1024 Orcadensis
547 963 691 1040 pertinere
712 963 826 1021 debere.
852 990 888 1001 -
911 961 1038 1038 prelatus
1058 982 1129 1021 vero
1151 963 1205 1021 dns
1232 961 1424 1037 archiepisco·

239 1086 294 1143 pus
325 1065 520 1125 Nidrosiensis
542 1063 701 1123 declarauit
723 1071 751 1121 et
773 1064 912 1140 cognouit
932 1063 1092 1140 predictum
1115 1063 1264 1121 denarium
1286 1082 1338 1121 seu
1360 1081 1425 1120 sen·

239 1187 302 1226 sum
325 1168 468 1243 pertinere
490 1160 595 1225 debere
617 1166 654 1223 ad
678 1184 821 1223 cameram
845 1166 893 1241 dr'rj
909 1202 912 1209 ·
927 1185 1010 1241 pape.
1032 1183 1089 1223 non
1119 1165 1300 1224 obstantibus
1320 1183 1425 1241 propo·

238 1267 298 1327 sitis
320 1288 373 1345 per
395 1268 517 1326 eundem
531 1268 698 1344 episcopum
711 1267 917 1327 Orcadensem.
928 1294 969 1305 —
980 1266 1090 1340 lxxviij.
1110 1286 1197 1324 marc.
1215 1266 1425 1341 sterlingorum.

321 1369 360 1426 Et
383 1370 419 1428 de
439 1368 650 1446 quinquaginta
671 1387 759 1426 marc.
782 1368 983 1445 sterlingorum
1015 1367 1045 1425 in
1073 1366 1178 1443 quibus
1204 1367 1350 1427 soluendis
1377 1387 1425 1426 ea-

238 1489 316 1528 mere
337 1470 385 1545 dnj
407 1490 483 1547 pape
506 1488 557 1546 per
579 1470 648 1527 dr’rm
671 1470 832 1528 Awardum
852 1471 1019 1546 episcopum
1031 1469 1222 1527 Amarensem
1235 1478 1305 1527 tunc
1324 1469 1426 1527 comis-

238 1572 344 1629 san'um
366 1572 404 1629 ad
430 1571 586 1630 leuandum
609 1570 719 1630 fructus
749 1572 955 1630 beneficiorum
987 1569 1176 1629 vaccancium
1211 1578 1426 1628 reseruatorum

237 1673 274 1729 ad
296 1681 354 1731 tres
376 1692 468 1732 annos
490 1692 543 1750 per
564 1673 632 1730 dnm
663 1671 821 1731 Iohannem
844 1691 951 1749 papam
984 1671 1061 1746 xxij.
1091 1670 1303 1729 sentencialiter
1333 1670 1427 1730 fuerat

238 1774 474 1850 condempnatus.
498 1795 534 1832 ex
556 1794 590 1832 eo
623 1774 759 1832 videlicet
792 1774 870 1849 quod
903 1772 1031 1849 prelatus
1064 1772 1218 1848 episcopus
1251 1772 1426 1832 Orcadensis

237 1878 405 1952 magistrum
417 1874 624 1951 Engelbertum
647 1876 762 1951 Luning
784 1875 955 1933 canonicum
978 1874 1098 1933 ecclesie
1116 1874 1300 1944 Orcadensis,
1320 1873 1425 1932 colleo-

237 1985 328 2036 torem
351 1976 537 2036 substitutum
557 1996 609 2059 per
631 1976 791 2053 predictum
819 1978 887 2035 dr‘rm
917 1975 1085 2052 episcopum
1118 1976 1318 2045 Amarensem,
1350 1975 1426 2033 male

237 2087 424 2150 tractauerat‚
446 2085 475 2135 et
496 2078 673 2153 spoliauerat
695 2078 816 2135 eundem
849 2077 995 2136 beneficiis
1018 2086 1046 2133 et
1068 2077 1150 2135 bonis
1171 2077 1238 2136 suis.
1262 2077 1297 2135 de
1320 2074 1426 2152 quibus

237 2179 410 2256 supradictis
454 2179 567 2237 duabus
599 2179 717 2237 summis
749 2179 953 2256 sterlingorum
986 2178 1115 2236 soluerat
1146 2178 1240 2236 dictus
1271 2177 1426 2255 episcopus

238 2279 414 2340 Orcadensis
436 2279 547 2355 prelato
569 2279 627 2338 dno
649 2280 880 2357 Archiepiscopo
911 2278 1091 2338 Nidrosiensi
1124 2297 1201 2337 xxv.
1234 2299 1324 2338 maro.
1354 2290 1425 2339 ster·

235 2380 380 2457 lingorum
402 2382 439 2439 ad
460 2381 573 2457 pondus
594 2380 783 2440 Norioanum.
806 2400 879 2459 quas
908 2380 1023 2458 quidem
1054 2398 1132 2438 xxv.
1165 2400 1279 2440 marcas
1311 2381 1424 2440 sterlin-

235 2502 338 2559 gorum
363 2484 449 2540 debet
470 2482 564 2543 adhuc
587 2484 681 2542 dictus
703 2484 757 2543 dns
778 2483 1013 2561 archiepiscopus
1047 2502 1161 2541 camere
1194 2482 1242 2559 dr‘rj
1275 2502 1360 2559 pape.
1388 2511 1420 2521 ·-

235 2603 315 2643 ,xxa
338 2603 426 2643 maro.
447 2585 575 2662 sterling.
599 2604 672 2663 quas
694 2585 781 2646 debet
802 2583 1044 2661 archiepiscopus.
1079 2579 1192 2663 ¹[debetl.

320 2686 395 2743 Item
418 2686 504 2744 debet
531 2685 585 2745 dns
617 2686 717 2747 Elaws
751 2686 988 2763 archiepiscopus
1019 2686 1215 2746 Nidrosiensis
1245 2704 1303 2745 xx.
1337 2705 1427 2746 maro.

235 2788 364 2865 sterling.
385 2786 495 2864 argenti
519 2805 592 2864 quas
613 2789 724 2866 recepit
745 2789 780 2848 de
803 2786 923 2847 denario
943 2787 1036 2846 sancti
1068 2786 1147 2863 Petrj
1178 2817 1214 2826 -
1251 2808 1310 2848 ‚xx
1325 2804 1424 2850 marc.

235 2871 365 2966 sterlingi
409 2883 513 2963 [deleth

236 3039 302 3119 [apa]
325 3043 445 3104 Summa
467 3043 572 3120 pagine
594 3044 629 3101 de
651 3044 791 3120 receptis:
813 3042 924 3120 lxxviij.
946 3062 1033 3102 marc.
1057 3043 1270 3120 sterlingorum.

1423 3331 1456 3370 lol.
1471 3333 1489 3372 7.
1506 3347 1525 3375 ι.

235 3382 316 3461 Heu
333 3395 417 3462 sunt
433 3398 583 3486 recepte
601 3383 646 3461 de
664 3383 811 3462 denario
833 3387 948 3462 sancti
965 3383 1061 3487 Petrj
1078 3388 1183 3488 regni
1200 3382 1416 3489 Norwegie.
1428 3383 1519 3476 “⁵3:¹3⁰-

317 3534 405 3592 Anno
428 3535 476 3609 dfij
499 3534 649 3593 millesimo
682 3541 757 3593 ‘⁰⁰⁰²
779 3533 872 3610 mili
894 3542 924 3591 et
957 3540 1017 3592 ,ΧΨ
1054 3534 1101 3592 die
1133 3535 1240 3596 mensis
1272 3485 1460 3613 Febroarijm
1473 3488 1489 3527 ⁷¹
1506 3490 1524 3528 b.

234 3635 407 3711 Recepimus
429 3655 481 3695 nos
502 3636 590 3694 irater
611 3637 756 3694 Iohannes
784 3637 820 3694 de
843 3636 952 3697 Serone
975 3645 1003 3693 et
1026 3637 1194 3695 Bernardus
1216 3637 1252 3694 de
1265 3637 1382 3697 Ortolis.
1405 3657 1423 3696 a

234 3737 371 3812 magistro
393 3738 527 3796 thorlano
556 3737 697 3796 canonico
728 3738 870 3799 Osloeusi.
904 3739 939 3795 de
971 3721 1088 3797 denario
1122 3737 1221 3798 Sancti
1249 3739 1327 3815 Petrj
1361 3739 1422 3814 epi·

233 3848 369 3914 scopatus
381 3839 529 3899 Osloeusis
547 3839 582 3896 de
600 3840 692 3898 tribus
714 3840 796 3898 annis
817 3839 977 3899 terminatis
1001 3859 1077 3899 anno
1090 3840 1181 3915 xxvjt
1202 3841 1334 3916 proxime
1356 3861 1421 3918 pre·

232 3941 317 3998 terito
345 3973 378 3983 -
403 3940 466 4016 cvj.
487 3960 575 4000 marc.
598 3939 635 4015 vj.
659 3960 723 3999 vno·
746 3961 836 4018 paruo
859 3953 982 4001 monete.

315 4042 403 4100 Anno
426 4042 473 4117 dr‘rj
497 4042 648 4100 millesimo
671 4051 744 4101 cccl
766 4043 859 4125 xxvij‘!
882 4053 911 4100 et
932 4044 993 4118 xj¹l¹¹¹
1003 4044 1049 4102 die
1061 4045 1166 4102 mensis
1178 4044 1327 4120 Febroarij
1341 4064 1421 4103 rece·

231 4142 325 4218 pimus
347 4163 399 4202 nos
420 4145 505 4201 ambo
534 4145 657 4220 predicti
687 4164 704 4201 a
737 4145 874 4220 magistro
908 4146 1002 4203 Paulo
1038 4147 1177 4205 canonico
1208 4147 1351 4208 Osloensi.
1385 4147 1420 4204 de

231 4243 348 4301 denario
370 4245 461 4304 sancti
489 4245 577 4321 Petrj.
611 4264 664 4321 pro
698 4265 753 4305 vno
786 4265 862 4304 auno
897 4249 1029 4323 proxime
1063 4249 1200 4326 preterito
1236 4249 1420 4325 episcopatus

169 4330 183 4355 ’
231 4344 389 4405 Osloensis.
421 4374 449 4383 -
863 4348 881 4408 l.
904 4369 991 4409 marc.
1014 4371 1105 4426 parus
1129 4350 1251 4426 pecunie
1264 4350 1418 4408 Noricane.

862 4451 901 4526 xj.
923 4453 974 4510 sol.
997 4471 1062 4510 cum
1085 4471 1110 4508 v.
1134 4453 1229 4509 denar.
1252 4452 1380 4527 sterling.

313 4551 402 4608 Auno
425 4567 483 4624 quo
505 4568 593 4625 supra
614 4561 642 4608 et
664 4550 766 4627 xviijr
784 4551 830 4608 die
852 4553 965 4612 mensis·
978 4552 1080 4627 Marcij
1102 4553 1265 4630 recepimus
1287 4573 1340 4611 nos
1361 4553 1417 4610 ira-

227 4649 276 4708 ter¹
293 4651 437 4708 Iohannes
460 4651 495 4707 de
508 4651 617 4710 Serone
639 4661 668 4709 et
689 4653 723 4710 B.
736 4653 772 4711 de
790 4653 900 4712 Ortolis
916 4654 952 4712 (le
967 4655 1085 4712 denario
1108 4655 1185 4713 beati
1204 4655 1285 4712 Petri
1305 4655 1416 4730 episco-

224 4760 311 4828 patus
333 4750 503 4810 Amarensis
525 4770 578 4825 pro
599 4753 691 4811 tribus
712 4746 793 4811 annis
816 4756 947 4830 proxime
969 4756 1123 4814 transactis
1154 4785 1193 4795 -
1216 4775 1295 4814 ,xxx
1326 4776 1413 4815 maro.

174 4843 177 4849 ’
226 4872 318 4930 parua
338 4863 453 4912 monete
475 4852 630 4912 Norieane.
665 4932 667 4936 Ι
