3584 5625
833 435 971 536 er¹

343 667 418 726 Item
438 685 513 726 anno
535 685 594 743 quo
615 681 713 741 supra,
735 682 812 723 mxv.
833 665 879 722 die
913 664 1018 722 mensis
1051 661 1196 733 Octobris,
1217 661 1388 720 recessimus
1409 660 1445 719 de

260 768 397 841 Parisios,
420 769 515 827 eundo
536 785 638 826 uersus
657 765 839 823 Auinionem.
864 764 1012 825 Soluimus
1033 783 1086 840 pro
1119 772 1239 822 uectura
1271 780 1367 820 rerum
1396 760 1444 836 ‹lnj

263 890 346 947 pape.
368 899 407 907 -
430 870 478 929 .ix.
501 869 590 927 libras
612 888 648 927 .x.
671 867 777 926 solidos
797 866 1012 925 Parisiensium.

284 1033 287 1040 ,
347 971 423 1029 Item
443 990 498 1047 pro
520 970 613 1029 saccis
635 970 671 1027 de
694 957 899 1040 oorio,'oordis
921 977 950 1026 et
970 966 1110 1043 ligaturis,
1131 976 1161 1024 et
1188 966 1251 1024 aliie
1278 965 1447 1023 necessariis

261 1073 299 1131 ed
321 1072 470 1148 ligandum
492 1080 521 1130 et
542 1071 714 1148 portandum
737 1078 887 1146 argentum
911 1079 940 1128 et
972 1069 1123 1146 pecuniam
1151 1068 1198 1142 dnj
1231 1084 1315 1142 pape.
1337 1093 1377 1104 -
1399 1064 1447 1140 vij.

261 1173 313 1232 sol.
335 1173 537 1250 sterlingorum
547 1170 567 1229 ¹.

920 1373 968 1431 .xi.
992 1372 1055 1431 libr.
1076 1373 1135 1448 xvj.
1157 1375 1208 1432 sol.
1226 1373 1284 1448 viij.
1305 1373 1368 1429 den.
1382 1390 1447 1429 oum

961 1475 1059 1533 dimid.
1070 1476 1140 1535 Tur.
1152 1492 1317 1551 grossorum
1329 1471 1448 1548 argenti.

961 1576 1100 1635 Reduetis
1122 1580 1266 1655 sterlingis
1287 1574 1325 1637 ad
1337 1573 1447 1632 Turon.

959 1696 1075 1754 grossos
1097 1683 1216 1757 argenti.

914 1779 1040 1838 ·.ix.lb1·.
1065 1801 1093 1839 x.
1116 1783 1168 1841 sol.
1189 1781 1329 1841 Parisiefr.

902 1880 1001 1950 mlxix.
1025 1885 1140 1942 marche
1161 1893 1274 1942 monete
1293 1882 1449 1942 Norioane.

268 1625 332 1707 [apd
356 1630 476 1690 Summa
493 1628 688 1706 predictarum
700 1645 892 1702 expensarum

707 2163 978 2172 mon-..m
985 2163 1007 2171 -ο

455 2443 630 2548 Expense
663 2444 778 2522 fratris
809 2444 994 2523 Iohannes
1026 2432 1072 2522 de
1104 2446 1259 2526 Serene.
1452 2468 1551 2507 τοι-ιι·-

350 2631 439 2690 Anno
462 2630 510 2706 dnj
533 2637 583 2688 ml
605 2639 669 2688 coel
690 2628 774 2686 xxvit
807 2662 833 2670 --
867 2628 933 2706 Ego
965 2629 1053 2688 lrater
1082 2630 1231 2691 Iohannes
1263 2632 1299 2690 de
1333 2632 1452 2702 Serene,

266 2732 384 2808 quando
405 2732 492 2791 debui
512 2731 555 2789 ire
575 2730 604 2789 in
626 2729 824 2807 Norwegiem.
849 2730 903 2805 emj
926 2731 972 2807 iij.
994 2750 1093 2807 equos.
1142 2731 1200 2807 Qui
1227 2733 1454 2793 deeomtiterunt

265 2833 335 2892 mihi
356 2833 415 2909 dvj.
437 2835 561 2892 florenos
583 2852 648 2892 oum
672 2833 788 2893 dimidio
811 2833 882 2891 auri.

274 2950 278 2959 ·
350 2935 540 3012 Supradiotos
560 2955 651 3011 equos
672 2935 788 2994 uendidi
811 2935 925 3011 Brugie
969 2935 1004 2992 In
1038 2934 1143 3011 quibus
1175 2937 1286 3013 perdidi
1318 2965 1350 2976 -
1382 2937 1451 2996 .xix.

264 3038 389 3096 florenos
410 3057 475 3096 cum
498 3037 616 3095 dimidio
637 3038 709 3095 auri.

350 3140 425 3198 Item
446 3138 476 3196 in
499 3157 556 3196 .xx.
579 3139 661 3215 agnis
683 3137 754 3197 auri.
777 3137 855 3197 etin
878 3137 934 3215 .xij.
957 3139 1072 3197 florenis
1094 3140 1157 3197 auri
1179 3141 1228 3216 qui
1259 3149 1456 3199 remanserant

266 3239 335 3298 mihi
357 3241 473 3315 quando
496 3239 563 3298 ueni
576 3240 682 3315 Brugis
702 3250 730 3298 et
750 3241 778 3298 in
802 3239 865 3298 aliis
888 3240 1012 3298 denariis
1033 3242 1095 3299 euri
1112 3260 1185 3317 quoe
1197 3242 1390 3317 expenderem
1403 3262 1455 3318 per

267 3341 347 3400 uiam
368 3341 480 3417 perdidi
501 3342 529 3399 in
554 3342 667 3400 cambio
689 3342 765 3400 dicte
776 3351 890 3400 monete
907 3376 941 3384 —
955 3341 1031 3416 .xvij.
1042 3343 1094 3400 sol.
1106 3342 1155 3416 vij.
1169 3342 1233 3400 den.
1244 3344 1454 3418 sterlingorum.

353 3442 426 3500 Item
451 3461 504 3519 pro
527 3453 649 3502 uectura
671 3442 793 3520 pecunie
815 3442 851 3500 de
874 3443 1015 3501 Hamaria
1044 3463 1136 3520 usque
1166 3443 1308 3513 Aeloie1n‚
1341 3455 1370 3502 et
1401 3465 1454 3521 pro

256 3553 355 3621 portu
379 3545 491 3620 argenti
515 3545 550 3603 de
572 3544 676 3604 Asloia
698 3563 790 3619 usque
812 3543 932 3619 Bergas.
975 3543 1072 3603 Distat
1105 3547 1246 3604 Hamaria
1279 3547 1314 3605 de
1344 3547 1456 3624 Bergis‚

267 3646 444 3705 transeundo
467 3666 518 3723 per
541 3645 672 3706 Asioiam
703 3666 754 3723 per
784 3665 841 3704 .xx.
876 3646 976 3705 dietas
1030 3647 1111 3707 Solui
1139 3675 1171 3685 -
1198 3667 1234 3704 .x.
1257 3648 1307 3706 sol.
1327 3649 1365 3723 iij.
1390 3650 1454 3707 den.

266 3746 478 3825 sterlingorum.
1371 3753 1374 3759 '

353 3851 427 3908 Item
450 3869 503 3927 pro
535 3851 735 3926 recuperando
767 3850 865 3926 legato
899 3850 946 3927 diij
980 3853 1103 3911 Beronis
1136 3853 1259 3910 oondam
1293 3852 1455 3927 cancellarij

267 3952 344 4028 regis
354 3951 511 4027 Norwegie
534 3961 562 4011 et
584 3972 636 4028 pro
659 3953 792 4028 expensis
813 3971 886 4028 quas
897 3952 964 4011 lecit
974 3954 1057 4012 Arno
1069 3954 1212 4030 Euduanj.
1235 3955 1283 4031 qui
1297 3955 1340 4012 bis
1353 3983 1391 3992 -
1403 3954 1457 4011 iuit

269 4053 347 4130 apud
370 4053 558 4131 Tunsbergas
581 4055 616 4112 de
632 4054 742 4113 Asioia.
766 4064 794 4112 et
814 4054 974 4112 laborando
997 4055 1049 4113 tuit
1071 4056 1099 4112 in
1122 4057 1170 4114 uia
1192 4077 1244 4133 per
1266 4075 1354 4114 vnum
1377 4074 1455 4114 men·

269 4173 338 4227 sem,
358 4155 434 4214 solui
457 4155 510 4215 sibi
534 4184 573 4195 -
597 4155 663 4230 .xiij.
687 4156 739 4214 sol.
763 4166 792 4213 et
813 4155 850 4230 vj.
874 4156 937 4213 den.
960 4157 1170 4233 sterlingorum.

356 4258 429 4315 Item
452 4258 488 4315 de
511 4258 614 4333 Bergis
635 4275 727 4333 usque
748 4256 925 4332 Lythosiam
948 4277 1005 4333 que
1028 4258 1130 4317 ciuitas
1152 4260 1307 4337 Bergensie
1330 4260 1416 4318 distat
1439 4280 1456 4315 a

273 4360 412 4436 Lytlrosia
433 4379 484 4437 per
505 4360 571 4418 .xvi.
593 4359 685 4418 dietas
707 4369 736 4416 et
758 4358 842 4428 ult-ra,
865 4359 938 4433 eoluj
961 4379 1014 4434 pro
1037 4361 1124 4419 naulo
1154 4390 1195 4399 -
1224 4361 1280 4436 .xij.
1303 4361 1354 4419 sol.
1385 4369 1457 4418 ster·

268 4461 421 4536 lingonum.

307 4621 316 4652 ¹
338 4626 391 4677 Her
408 4625 503 4676 tilloier
520 4628 568 4676 den
587 4628 669 4676 endon
688 4627 792 4677 Heand:

751 4711 812 4774 maij.
831 4712 873 4760 sol.
892 4730 915 4761 τ.
935 4711 986 4761 den.
1006 4731 1056 4763 cum
1073 4712 1156 4762 dimid.
1173 4731 1250 4778 orosa.
1275 4713 1332 4764 Tur.

376 4770 439 4841 [aya]
505 4775 601 4828 Summa
617 4780 707 4844 pagine
751 4778 818 4828 dxix.
838 4780 881 4830 sol.
900 4780 951 4844 viij.
971 4780 1024 4830 den.
1043 4782 1207 4845 sterlingorum
1226 4785 1326 4849 argenti.

753 4847 793 4896 ,ι’τ.
813 4847 841 4897 lb.
860 4865 883 4897 τ.
903 4847 947 4898 sol.
965 4848 1147 4900 Porisieasr'um.
