3584 5625
950 384 990 443 88

632 566 659 624 .1.
681 584 780 625 merce
801 586 868 626 cum
889 567 979 626 tercie
1000 576 1082 644 purte
1105 567 1188 626 vnius
1209 568 1293 626 rncie
1315 567 1376 643 eurj
1398 569 1437 627 ed
1457 570 1581 644 pondus

674 651 711 709 de
733 652 858 713 Scheris.
1507 683 1509 688 '

384 690 450 768 [apl
487 694 607 792 Summe
633 735 676 810 ij!
701 736 739 811 lp.
761 738 877 795 marche
900 735 925 794 .i.
945 736 1029 795 vncie
1048 738 1159 813 ergenii
1176 739 1213 796 ed
1229 738 1343 814 pondus
1359 738 1395 795 <10
1407 737 1581 799 Stocolmis.

503 798 607 855 9³3¹oe
635 840 696 878 .xx.
718 822 834 881 marche
858 821 884 879 .i.
907 841 971 879 vnc.
991 821 1110 896 ergentj.
1132 824 1170 879 ed
1192 824 1306 898 pondus
1328 823 1363 881 de
1386 822 1515 883 Scheris.

635 913 677 964 ,11
699 906 737 963 xl.
759 908 876 964 marche
895 925 961 963 cum
983 906 1101 964 dimidie
1122 906 1168 981 iij.
1190 908 1254 965 den.
1277 927 1367 983 parue
1389 916 1516 965 monete.

469 1073 590 1134 Summa
610 1075 713 1133 totalis·
730 1077 766 1134 de
787 1076 934 1135 beneficiis
954 1076 1126 1134 vacantibus
1147 1087 1227 1153 petet
1247 1078 1293 1137 hic
1315 1097 1367 1154 per
1387 1098 1427 1137 se

828 1360 906 1368 ——n
916 1359 1053 1367 .-.-.---
1064 1359 1129 1366 —-

281 1645 375 1686 nme..
410 1600 491 1678 llec
521 1611 606 1678 sunl
627 1599 790 1703 Reccple
823 1626 912 1705 ques
944 1602 1146 1680 leueuimus
1177 1602 1222 1681 de
1253 1603 1401 1682 denario
1432 1610 1551 1684 seneli

724 1733 821 1813 Petri
854 1738 887 1813 in
921 1761 1042 1838 regno
1074 1736 1236 1816 Swecie.

466 1919 554 1977 Anno
576 1917 624 1993 ‹lr‘rj
646 1917 797 1976 millesimo
820 1926 893 1977 cccl
915 1919 1019 1995 xxviijr.
1042 1929 1070 1978 et
1096 1921 1162 1996 .viij.
1183 1922 1288 1980 mensis
1321 1921 1455 1996 lenuurij.
1487 1922 1571 1981 leue·

382 2020 476 2078 ninius
497 2019 533 2077 de
555 2018 726 2095 episcopatu
746 2020 911 2095 Vpselensi.
933 2040 986 2079 nos
1006 2021 1094 2079 irater
1115 2023 1260 2080 Iohannes
1282 2023 1317 2079 de
1340 2023 1458 2083 Serone.
1481 2032 1510 2080 et
1534 2023 1570 2081 Β.

382 2121 418 2179 de
440 2119 549 2180 Ortolis
571 2122 607 2177 de
628 2139 664 2178 .r.
686 2121 767 2180 annis
788 2121 1010 2198 .xxij.merches
1032 2123 1152 2199 argentj.
1174 2134 1356 2201 computatas
1377 2143 1430 2200 pro
1451 2133 1570 2183 centnm

382 2222 482 2279 decem
503 2223 628 2281 marchis
648 2241 739 2298 perne
760 2234 875 2282 monete
895 2224 1016 2284 Swecie.
1059 2224 1133 2282 Item
1157 2254 1197 2264 -
1227 2225 1335 2301 cxliiij.
1356 2244 1469 2283 marcas
1491 2224 1572 2286 dicte

383 2323 513 2399 pecunie.

467 2425 558 2483 Anno
580 2444 639 2502 quo
671 2444 760 2502 supra
786 2436 814 2485 et
837 2426 928 2503 .xxj¹¹.¹⁸
953 2428 999 2486 die
1032 2429 1136 2487 mensis
1168 2428 1295 2503 Ianuarij
1329 2428 1365 2486 de
1400 2428 1574 2505 episcopatu

383 2526 572 2603 Stringiueusi
592 2546 626 2586 .c.
649 2545 737 2586 merc.
759 2525 806 2603 vij.
828 2546 869 2585 or.
889 2529 960 2604 xxij.
983 2531 1047 2588 den.
1071 2549 1162 2606 perne
1183 2530 1314 2605 pecunie.

464 2627 553 2686 Anno
575 2648 634 2705 quo
655 2648 744 2704 supra
765 2636 794 2686 et
816 2629 884 2705 .xj¹“.⁸
900 2630 946 2688 die
962 2631 1066 2690 mensis
1077 2631 1226 2707 Febroarij
1248 2633 1283 2690 de
1306 2631 1475 2707 episcopatu
1498 2630 1570 2689 Liu-

382 2729 499 2806 copensi
521 2730 562 2805 ‚ijs
582 2730 642 2789 lxv.
664 2749 750 2790 marc.
772 2750 864 2807 perne
890 2732 1021 2808 pecunie.

465 2832 554 2890 Anno
576 2851 635 2909 quo
655 2851 744 2908 supra
766 2843 795 2892 et
817 2834 927 2910 .xxiiij¹.⁸
942 2835 989 2892 die
1011 2835 1116 2894 mensis
1142 2835 1302 2910 Februarij.
1329 2837 1365 2893 de
1399 2833 1571 2911 episcopatu

382 2935 562 2995 Vexionensi
574 2962 614 2972 -
626 2933 744 2992 .xxxiiii.
756 2954 843 2993 merc.
858 2955 923 2994 cum
942 2936 1060 2993 dimidie
1081 2931 1172 3012 perne
1193 2937 1325 3013 pecunie.

466 3037 555 3094 Anno
578 3054 636 3113 quo
658 3055 747 3112 supra
769 3046 798 3094 et
821 3036 900 3112 xijo·
915 3039 961 3096 die
983 3038 1088 3096 mensis
1110 3038 1279 3097 Decembris
1301 3037 1410 3112 Recepi
1437 3053 1491 3111 ego
1511 3022 1577 3094 fra-¹

381 3146 429 3197 ter
450 3139 592 3197 lohannes
614 3139 649 3196 de
672 3138 782 3199 Serene
804 3157 822 3195 e
844 3139 902 3197 dr‘ro
924 3140 1046 3197 Andree
1069 3139 1209 3198 canonico
1239 3149 1268 3197 et
1294 3139 1416 3199 sacriste
1448 3134 1571 3196 ecclesie

384 3238 553 3300 Scherensis
574 3268 612 3278 —
638 3259 670 3298 c.
693 3239 765 3299 xlix.
789 3258 902 3298 merces
923 3259 1014 3316 perne
1038 3242 1167 3317 pecunie.

463 3341 539 3399 Item
561 3340 618 3417 ‚liij.
640 3341 691 3400 sol.
715 3351 743 3399 et
754 3340 811 3416 iiij.
824 3343 887 3400 den.
900 3343 1109 3419 sterlingorum.
1128 3363 1180 3420 pro
1199 3343 1326 3419 quinque
1345 3341 1427 3399 annis
1438 3338 1570 3415 proxime

379 3442 540 3500 transactis.
1542 3432 1545 3439 ¹

463 3546 551 3602 Anno
573 3563 630 3620 quo
652 3564 741 3620 supra
759 3554 788 3602 et
809 3545 902 3621 axiij!
926 3547 971 3604 die
993 3546 1098 3604 mensis
1109 3545 1280 3605 Decembris
1303 3544 1413 3620 Recepi
1436 3562 1490 3619 ego
1511 3541 1569 3601 ire·

379 3653 424 3702 ter
444 3645 589 3704 Iohannes
611 3647 646 3704 de
669 3647 787 3706 Serene.
808 3668 826 3705 a
849 3649 912 3707 duis
934 3648 1070 3724 Philippo
1088 3648 1236 3724 preposito
1250 3644 1569 3705 'l'hidericoetKerolo

380 3747 527 3807 canonicis
550 3748 671 3807 ecclesie
693 3750 857 3809 Arosiensis
879 3778 919 3788 ·-
943 3749 1010 3825 .xlij.
1032 3769 1145 3808 marces
1168 3749 1213 3824 .vj.
1237 3768 1305 3808 ores
1327 3767 1417 3825 perne
1437 3745 1570 3824 pecunie.

379 3866 433 3924 pro
456 3868 491 3907 .v.
513 3849 595 3908 aunis
621 3852 751 3926 proxime
774 3851 925 3927 preteritis.

744 4054 837 4112 '.xxii.
860 4073 948 4113 merc.
971 4057 1081 4131 argenti
1103 4057 1141 4112 ed
1167 4055 1281 4130 pondus
1304 4055 1339 4111 de
1362 4052 1525 4113 Stocolmis.

329 4170 332 4174 -
381 4132 449 4211 [ap]
493 4136 612 4196 Summe
628 4137 731 4213 pagine
758 4138 816 4214 iiij.
839 4139 891 4198 sol.
914 4140 962 4215 iiij.
984 4142 1047 4198 den.
1069 4140 1273 4216 sterlingorum
1297 4138 1416 4215 ergentj.
1472 4177 1474 4181 -

757 4223 817 4299 .vij?
828 4224 928 4299 xxxvj.
939 4245 1027 4283 marc.
1044 4224 1071 4300 ij.
1088 4244 1151 4282 vnc.
1176 4224 1224 4298 vij.
1248 4225 1313 4281 den.
1333 4243 1425 4300 paruo
1443 4230 1565 4279 monete.

461 4424 582 4485 Summe
602 4425 699 4484 totalis
722 4427 757 4484 de
780 4427 898 4486 denario
921 4428 998 4485 beati
1020 4427 1111 4486 Petri.
