<?xml version="1.0" encoding="UTF-8"?>
<!DOCTYPE html PUBLIC "-//W3C//DTD XHTML 1.0 Transitional//EN"
    "http://www.w3.org/TR/xhtml1/DTD/xhtml1-transitional.dtd">
<html xmlns="http://www.w3.org/1999/xhtml" xml:lang="en" lang="en">
 <head>
  <title>
</title>
<meta http-equiv="Content-Type" content="text/html;charset=utf-8" />
  <meta name='ocr-system' content='tesseract 3.04.00' />
  <meta name='ocr-capabilities' content='ocr_page ocr_carea ocr_par ocr_line ocrx_word'/>
</head>
<body>
  <div class='ocr_page' id='page_1' title='image "./paveligenuntier00nuncgoog_0035.png"; bbox 0 0 3584 5625; ppageno 0'>
   <div class='ocr_carea' id='block_1_1' title="bbox 819 440 859 499">
    <p class='ocr_par' dir='ltr' id='par_1_1' title="bbox 819 440 859 499">
     <span class='ocr_line' id='line_1_1' title="bbox 819 440 859 499; baseline 0 0"><span class='ocrx_word' id='word_1_1' title='bbox 819 440 859 499; x_wconf 78' lang='lat'>23</span> 
     </span>
    </p>
   </div>
   <div class='ocr_carea' id='block_1_2' title="bbox 242 626 1504 810">
    <p class='ocr_par' dir='ltr' id='par_1_2' title="bbox 242 626 1504 810">
     <span class='ocr_line' id='line_1_2' title="bbox 325 626 1504 705; baseline -0.002 -15"><span class='ocrx_word' id='word_1_2' title='bbox 325 632 400 690; x_wconf 89' lang='lat' dir='ltr'>Item</span> <span class='ocrx_word' id='word_1_3' title='bbox 423 629 472 688; x_wconf 86' lang='lat' dir='ltr'>.xl.</span> <span class='ocrx_word' id='word_1_4' title='bbox 493 629 617 687; x_wconf 86' lang='lat' dir='ltr'>florenos</span> <span class='ocrx_word' id='word_1_5' title='bbox 638 626 710 703; x_wconf 68' lang='lat' dir='ltr'>euri.</span> <span class='ocrx_word' id='word_1_6' title='bbox 733 633 915 702; x_wconf 89' lang='lat' dir='ltr'>computatos</span> <span class='ocrx_word' id='word_1_7' title='bbox 936 646 990 703; x_wconf 88' lang='lat' dir='ltr'>pro</span> <span class='ocrx_word' id='word_1_8' title='bbox 1022 627 1061 685; x_wconf 90' lang='lat' dir='ltr'>xl.</span> <span class='ocrx_word' id='word_1_9' title='bbox 1083 628 1207 688; x_wconf 88' lang='lat' dir='ltr'>marchis</span> <span class='ocrx_word' id='word_1_10' title='bbox 1230 629 1306 688; x_wconf 89' lang='lat' dir='ltr'>dicte</span> <span class='ocrx_word' id='word_1_11' title='bbox 1337 648 1430 705; x_wconf 85' lang='lat' dir='ltr'>perne</span> <span class='ocrx_word' id='word_1_12' title='bbox 1497 689 1504 698; x_wconf 72' lang='grc'>,</span> 
     </span>
     <span class='ocr_line' id='line_1_3' title="bbox 242 731 540 810; baseline -0.013 -19"><span class='ocrx_word' id='word_1_13' title='bbox 242 733 364 810; x_wconf 78' lang='lat' dir='ltr'>pecunie</span> <span class='ocrx_word' id='word_1_14' title='bbox 385 731 540 792; x_wconf 86' lang='lat' dir='ltr'>Noricene.</span> 
     </span>
    </p>
   </div>
   <div class='ocr_carea' id='block_1_3' title="bbox 244 830 1431 1347">
    <p class='ocr_par' dir='ltr' id='par_1_3' title="bbox 244 830 1431 1347">
     <span class='ocr_line' id='line_1_4' title="bbox 327 830 1235 907; baseline 0 -15"><span class='ocrx_word' id='word_1_15' title='bbox 327 835 401 892; x_wconf 88' lang='lat' dir='ltr'>Item</span> <span class='ocrx_word' id='word_1_16' title='bbox 423 854 470 893; x_wconf 79' lang='lat' dir='ltr'>.m.</span> <span class='ocrx_word' id='word_1_17' title='bbox 492 852 515 891; x_wconf 89' lang='lat' dir='ltr'>c.</span> <span class='ocrx_word' id='word_1_18' title='bbox 537 851 608 889; x_wconf 83' lang='lat' dir='ltr'><strong>xxx.</strong></span> <span class='ocrx_word' id='word_1_19' title='bbox 632 850 744 891; x_wconf 87' lang='lat' dir='ltr'>marcas</span> <span class='ocrx_word' id='word_1_20' title='bbox 765 831 795 888; x_wconf 93' lang='lat' dir='ltr'>in</span> <span class='ocrx_word' id='word_1_21' title='bbox 816 849 910 907; x_wconf 84' lang='lat' dir='ltr'>parua</span> <span class='ocrx_word' id='word_1_22' title='bbox 932 830 1056 905; x_wconf 86' lang='lat' dir='ltr'>pecunie</span> <span class='ocrx_word' id='word_1_23' title='bbox 1077 830 1235 892; x_wconf 86' lang='lat' dir='ltr'>Noricam.</span> 
     </span>
     <span class='ocr_line' id='line_1_5' title="bbox 244 932 312 1011; baseline -0.044 -6"><span class='ocrx_word' id='word_1_24' title='bbox 244 932 312 1011; x_wconf 79' lang='lat' dir='ltr'>[ap-l</span> 
     </span>
     <span class='ocr_line' id='line_1_6' title="bbox 977 1015 1203 1091; baseline 0 -16"><span class='ocrx_word' id='word_1_25' title='bbox 977 1016 1026 1075; x_wconf 78' lang='lat' dir='ltr'>xl.</span> <span class='ocrx_word' id='word_1_26' title='bbox 1048 1018 1109 1075; x_wconf 86' lang='lat' dir='ltr'>flor.</span> <span class='ocrx_word' id='word_1_27' title='bbox 1132 1015 1203 1091; x_wconf 66' lang='lat' dir='ltr'>aurj·</span> 
     </span>
     <span class='ocr_line' id='line_1_7' title="bbox 978 1100 1394 1179; baseline 0.007 -21"><span class='ocrx_word' id='word_1_28' title='bbox 978 1100 1077 1176; x_wconf 76' lang='lat' dir='ltr'>xlviij.</span> <span class='ocrx_word' id='word_1_29' title='bbox 1099 1120 1188 1160; x_wconf 89' lang='lat' dir='ltr'>marc.</span> <span class='ocrx_word' id='word_1_30' title='bbox 1210 1104 1329 1179; x_wconf 84' lang='lat' dir='ltr'>ergentj.</span> <span class='ocrx_word' id='word_1_31' title='bbox 1392 1162 1394 1166; x_wconf 82' lang='grc'>,</span> 
     </span>
     <span class='ocr_line' id='line_1_8' title="bbox 978 1191 1431 1264; baseline 0.007 -21"><span class='ocrx_word' id='word_1_32' title='bbox 978 1205 1023 1244; x_wconf 91' lang='lat' dir='ltr'>.m.</span> <span class='ocrx_word' id='word_1_33' title='bbox 1047 1206 1080 1244; x_wconf 90' lang='lat' dir='ltr'>.c.</span> <span class='ocrx_word' id='word_1_34' title='bbox 1102 1205 1172 1243; x_wconf 87' lang='lat' dir='ltr'><strong>xxx.</strong></span> <span class='ocrx_word' id='word_1_35' title='bbox 1186 1205 1274 1245; x_wconf 88' lang='lat' dir='ltr'>marc.</span> <span class='ocrx_word' id='word_1_36' title='bbox 1291 1191 1321 1246; x_wconf 91' lang='lat' dir='ltr'>in</span> <span class='ocrx_word' id='word_1_37' title='bbox 1339 1208 1431 1264; x_wconf 88' lang='lat' dir='ltr'>parue</span> 
     </span>
     <span class='ocr_line' id='line_1_9' title="bbox 1018 1270 1320 1347; baseline 0.01 -19"><span class='ocrx_word' id='word_1_38' title='bbox 1018 1270 1143 1347; x_wconf 89' lang='lat' dir='ltr'>pecunia</span> <span class='ocrx_word' id='word_1_39' title='bbox 1163 1270 1320 1331; x_wconf 85' lang='lat' dir='ltr'>Noricana.</span> 
     </span>
    </p>
   </div>
   <div class='ocr_carea' id='block_1_4' title="bbox 244 1136 949 1213">
    <p class='ocr_par' dir='ltr' id='par_1_4' title="bbox 244 1136 949 1213">
     <span class='ocr_line' id='line_1_10' title="bbox 244 1136 949 1213; baseline -0.006 -18"><span class='ocrx_word' id='word_1_40' title='bbox 244 1136 310 1213; x_wconf 66' lang='lat' dir='ltr'>[ap]</span> <span class='ocrx_word' id='word_1_41' title='bbox 339 1138 461 1198; x_wconf 88' lang='lat' dir='ltr'>Summa</span> <span class='ocrx_word' id='word_1_42' title='bbox 472 1136 575 1213; x_wconf 81' lang='lat' dir='ltr'>pagine</span> <span class='ocrx_word' id='word_1_43' title='bbox 587 1137 622 1195; x_wconf 94' lang='lat' dir='ltr'>de</span> <span class='ocrx_word' id='word_1_44' title='bbox 634 1136 757 1212; x_wconf 79' lang='lat' dir='ltr'><strong>receptis</strong></span> <span class='ocrx_word' id='word_1_45' title='bbox 769 1154 822 1211; x_wconf 92' lang='lat' dir='ltr'>pro</span> <span class='ocrx_word' id='word_1_46' title='bbox 835 1153 949 1197; x_wconf 85' lang='lat' dir='ltr'>camere</span> 
     </span>
    </p>
   </div>
   <div class='ocr_carea' id='block_1_5' title="bbox 704 1467 1530 1560">
    <p class='ocr_par' dir='ltr' id='par_1_5' title="bbox 704 1467 1530 1560">
     <span class='ocr_line' id='line_1_11' title="bbox 704 1467 1530 1560; baseline 0.006 -19"><span class='ocrx_word' id='word_1_47' title='bbox 704 1467 970 1560; x_wconf 83' lang='lat' dir='ltr'>Stauengrensis.</span> <span class='ocrx_word' id='word_1_48' title='bbox 1441 1470 1530 1548; x_wconf 54' lang='lat' dir='ltr'>nit.</span> 
     </span>
    </p>
   </div>
   <div class='ocr_carea' id='block_1_6' title="bbox 327 1600 1431 1788">
    <p class='ocr_par' dir='ltr' id='par_1_6' title="bbox 327 1600 1431 1788">
     <span class='ocr_line' id='line_1_12' title="bbox 1053 1600 1396 1670; baseline 0 -13"><span class='ocrx_word' id='word_1_49' title='bbox 1053 1602 1156 1667; x_wconf 80' lang='lat' dir='ltr'>[attende</span> <span class='ocrx_word' id='word_1_50' title='bbox 1174 1606 1209 1657; x_wconf 80' lang='lat' dir='ltr'>ud</span> <span class='ocrx_word' id='word_1_51' title='bbox 1227 1600 1396 1670; x_wconf 65' lang='lat' dir='ltr'>Batonem}</span> 
     </span>
     <span class='ocr_line' id='line_1_13' title="bbox 327 1696 1431 1788; baseline -0.003 -19"><span class='ocrx_word' id='word_1_52' title='bbox 327 1710 451 1769; x_wconf 87' lang='lat' dir='ltr'>Decime</span> <span class='ocrx_word' id='word_1_53' title='bbox 472 1710 658 1788; x_wconf 87' lang='lat' dir='ltr'>episcopatus</span> <span class='ocrx_word' id='word_1_54' title='bbox 670 1696 893 1788; x_wconf 83' lang='lat' dir='ltr'>Stauangrensis</span> <span class='ocrx_word' id='word_1_55' title='bbox 916 1712 1044 1771; x_wconf 88' lang='lat' dir='ltr'>essendit</span> <span class='ocrx_word' id='word_1_56' title='bbox 1066 1730 1119 1787; x_wconf 93' lang='lat' dir='ltr'>pro</span> <span class='ocrx_word' id='word_1_57' title='bbox 1142 1711 1271 1788; x_wconf 89' lang='lat' dir='ltr'>quolibet</span> <span class='ocrx_word' id='word_1_58' title='bbox 1293 1731 1368 1769; x_wconf 89' lang='lat' dir='ltr'>enno</span> <span class='ocrx_word' id='word_1_59' title='bbox 1391 1711 1431 1788; x_wconf 78' lang='lat' dir='ltr'>,ije</span> 
     </span>
    </p>
   </div>
   <div class='ocr_carea' id='block_1_7' title="bbox 242 1912 1433 2906">
    <p class='ocr_par' dir='ltr' id='par_1_7' title="bbox 242 1912 1430 2497">
     <span class='ocr_line' id='line_1_14' title="bbox 243 1912 1430 1990; baseline 0.002 -20"><span class='ocrx_word' id='word_1_60' title='bbox 243 1912 328 1988; x_wconf 84' lang='lat' dir='ltr'>xciiij.</span> <span class='ocrx_word' id='word_1_61' title='bbox 351 1932 439 1972; x_wconf 89' lang='lat' dir='ltr'>marc.</span> <span class='ocrx_word' id='word_1_62' title='bbox 462 1913 538 1973; x_wconf 90' lang='lat' dir='ltr'>dicte</span> <span class='ocrx_word' id='word_1_63' title='bbox 560 1932 651 1990; x_wconf 83' lang='lat' dir='ltr'>perne</span> <span class='ocrx_word' id='word_1_64' title='bbox 673 1912 804 1987; x_wconf 82' lang='lat' dir='ltr'>pecunie.</span> <span class='ocrx_word' id='word_1_65' title='bbox 834 1913 874 1971; x_wconf 87' lang='lat' dir='ltr'>ini</span> <span class='ocrx_word' id='word_1_66' title='bbox 904 1932 959 1989; x_wconf 85' lang='lat' dir='ltr'>ego</span> <span class='ocrx_word' id='word_1_67' title='bbox 981 1913 1016 1970; x_wconf 90' lang='lat' dir='ltr'>B.</span> <span class='ocrx_word' id='word_1_68' title='bbox 1039 1914 1074 1971; x_wconf 90' lang='lat' dir='ltr'>de</span> <span class='ocrx_word' id='word_1_69' title='bbox 1097 1913 1206 1973; x_wconf 88' lang='lat' dir='ltr'>Ortolis</span> <span class='ocrx_word' id='word_1_70' title='bbox 1228 1915 1307 1990; x_wconf 90' lang='lat' dir='ltr'>apud</span> <span class='ocrx_word' id='word_1_71' title='bbox 1329 1913 1430 1972; x_wconf 88' lang='lat' dir='ltr'>ciuita-</span> 
     </span>
     <span class='ocr_line' id='line_1_15' title="bbox 243 2012 1430 2091; baseline 0.003 -21"><span class='ocrx_word' id='word_1_72' title='bbox 243 2024 300 2072; x_wconf 90' lang='lat' dir='ltr'>tem</span> <span class='ocrx_word' id='word_1_73' title='bbox 323 2013 575 2091; x_wconf 83' lang='lat' dir='ltr'>Steuengrensem.</span> <span class='ocrx_word' id='word_1_74' title='bbox 598 2014 646 2073; x_wconf 88' lang='lat' dir='ltr'>vbi</span> <span class='ocrx_word' id='word_1_75' title='bbox 668 2032 725 2072; x_wconf 91' lang='lat' dir='ltr'>non</span> <span class='ocrx_word' id='word_1_76' title='bbox 747 2012 844 2072; x_wconf 90' lang='lat' dir='ltr'>inueni</span> <span class='ocrx_word' id='word_1_77' title='bbox 872 2015 977 2073; x_wconf 88' lang='lat' dir='ltr'>dictam</span> <span class='ocrx_word' id='word_1_78' title='bbox 1012 2014 1153 2073; x_wconf 86' lang='lat' dir='ltr'>decimam</span> <span class='ocrx_word' id='word_1_79' title='bbox 1186 2015 1347 2073; x_wconf 86' lang='lat' dir='ltr'>collectam.</span> <span class='ocrx_word' id='word_1_80' title='bbox 1379 2016 1430 2073; x_wconf 83' lang='lat' dir='ltr'>aed</span> 
     </span>
     <span class='ocr_line' id='line_1_16' title="bbox 243 2115 1430 2192; baseline 0.001 -20"><span class='ocrx_word' id='word_1_81' title='bbox 243 2115 371 2192; x_wconf 85' lang='lat' dir='ltr'>processi</span> <span class='ocrx_word' id='word_1_82' title='bbox 394 2123 495 2174; x_wconf 88' lang='lat' dir='ltr'>contra</span> <span class='ocrx_word' id='word_1_83' title='bbox 517 2117 663 2174; x_wconf 90' lang='lat' dir='ltr'>dominum</span> <span class='ocrx_word' id='word_1_84' title='bbox 687 2115 854 2192; x_wconf 87' lang='lat' dir='ltr'>episcopum</span> <span class='ocrx_word' id='word_1_85' title='bbox 868 2115 1112 2191; x_wconf 85' lang='lat' dir='ltr'>Stauangrensem</span> <span class='ocrx_word' id='word_1_86' title='bbox 1135 2126 1164 2174; x_wconf 90' lang='lat' dir='ltr'>et</span> <span class='ocrx_word' id='word_1_87' title='bbox 1185 2116 1333 2173; x_wconf 89' lang='lat' dir='ltr'>dominum</span> <span class='ocrx_word' id='word_1_88' title='bbox 1344 2115 1430 2175; x_wconf 88' lang='lat' dir='ltr'>Orm-</span> 
     </span>
     <span class='ocr_line' id='line_1_17' title="bbox 243 2216 1430 2295; baseline 0.001 -21"><span class='ocrx_word' id='word_1_89' title='bbox 243 2236 324 2275; x_wconf 90' lang='lat' dir='ltr'>erum</span> <span class='ocrx_word' id='word_1_90' title='bbox 347 2216 519 2276; x_wconf 84' lang='lat' dir='ltr'>canonicum</span> <span class='ocrx_word' id='word_1_91' title='bbox 540 2217 789 2293; x_wconf 84' lang='lat' dir='ltr'>Stauangressem.</span> <span class='ocrx_word' id='word_1_92' title='bbox 811 2218 861 2294; x_wconf 93' lang='lat' dir='ltr'>qui</span> <span class='ocrx_word' id='word_1_93' title='bbox 883 2216 985 2295; x_wconf 31' lang='lat' dir='ltr'>luerat,</span> <span class='ocrx_word' id='word_1_94' title='bbox 998 2237 1071 2275; x_wconf 88' lang='lat' dir='ltr'>vnus</span> <span class='ocrx_word' id='word_1_95' title='bbox 1092 2218 1128 2276; x_wconf 89' lang='lat' dir='ltr'>de</span> <span class='ocrx_word' id='word_1_96' title='bbox 1140 2217 1343 2277; x_wconf 83' lang='lat' dir='ltr'>collectoribus</span> <span class='ocrx_word' id='word_1_97' title='bbox 1355 2218 1430 2275; x_wconf 89' lang='lat' dir='ltr'>dicte</span> 
     </span>
     <span class='ocr_line' id='line_1_18' title="bbox 243 2317 1430 2395; baseline 0.002 -20"><span class='ocrx_word' id='word_1_98' title='bbox 243 2318 355 2376; x_wconf 87' lang='lat' dir='ltr'>decime</span> <span class='ocrx_word' id='word_1_99' title='bbox 377 2318 549 2377; x_wconf 85' lang='lat' dir='ltr'>sexennalis.</span> <span class='ocrx_word' id='word_1_100' title='bbox 571 2330 695 2395; x_wconf 84' lang='lat' dir='ltr'>postque</span> <span class='ocrx_word' id='word_1_101' title='bbox 717 2319 814 2395; x_wconf 86' lang='lat' dir='ltr'>recepi</span> <span class='ocrx_word' id='word_1_102' title='bbox 836 2320 872 2377; x_wconf 94' lang='lat' dir='ltr'>de</span> <span class='ocrx_word' id='word_1_103' title='bbox 902 2319 981 2377; x_wconf 83' lang='lat' dir='ltr'>dicte</span> <span class='ocrx_word' id='word_1_104' title='bbox 1008 2317 1123 2376; x_wconf 86' lang='lat' dir='ltr'>decime</span> <span class='ocrx_word' id='word_1_105' title='bbox 1153 2337 1170 2376; x_wconf 87' lang='lat' dir='ltr'>a</span> <span class='ocrx_word' id='word_1_106' title='bbox 1203 2319 1280 2377; x_wconf 89' lang='lat' dir='ltr'>dicto</span> <span class='ocrx_word' id='word_1_107' title='bbox 1314 2320 1430 2377; x_wconf 90' lang='lat' dir='ltr'>domino</span> 
     </span>
     <span class='ocr_line' id='line_1_19' title="bbox 242 2420 774 2497; baseline -0.002 -19"><span class='ocrx_word' id='word_1_108' title='bbox 242 2420 331 2479; x_wconf 82' lang='lat' dir='ltr'>Erico</span> <span class='ocrx_word' id='word_1_109' title='bbox 354 2420 561 2497; x_wconf 84' lang='lat' dir='ltr'>Stauangrensi</span> <span class='ocrx_word' id='word_1_110' title='bbox 583 2429 615 2477; x_wconf 94' lang='lat' dir='ltr'>ut</span> <span class='ocrx_word' id='word_1_111' title='bbox 636 2420 774 2497; x_wconf 89' lang='lat' dir='ltr'>sequitur.</span> 
     </span>
    </p>

    <p class='ocr_par' dir='ltr' id='par_1_8' title="bbox 243 2520 1433 2906">
     <span class='ocr_line' id='line_1_20' title="bbox 328 2520 1433 2598; baseline 0 -18"><span class='ocrx_word' id='word_1_112' title='bbox 328 2523 416 2580; x_wconf 85' lang='lat' dir='ltr'>Anno</span> <span class='ocrx_word' id='word_1_113' title='bbox 438 2520 544 2597; x_wconf 90' lang='lat' dir='ltr'>dominj</span> <span class='ocrx_word' id='word_1_114' title='bbox 568 2521 722 2579; x_wconf 90' lang='lat' dir='ltr'>millesimo</span> <span class='ocrx_word' id='word_1_115' title='bbox 744 2541 813 2580; x_wconf 77' lang='lat' dir='ltr'>ccc.</span> <span class='ocrx_word' id='word_1_116' title='bbox 841 2520 936 2596; x_wconf 73' lang='lat' dir='ltr'>xxvije</span> <span class='ocrx_word' id='word_1_117' title='bbox 968 2532 997 2579; x_wconf 89' lang='lat' dir='ltr'>et</span> <span class='ocrx_word' id='word_1_118' title='bbox 1030 2542 1066 2581; x_wconf 91' lang='lat' dir='ltr'>.v.</span> <span class='ocrx_word' id='word_1_119' title='bbox 1101 2522 1147 2580; x_wconf 90' lang='lat' dir='ltr'>die</span> <span class='ocrx_word' id='word_1_120' title='bbox 1178 2523 1284 2583; x_wconf 90' lang='lat' dir='ltr'>mensis</span> <span class='ocrx_word' id='word_1_121' title='bbox 1305 2523 1433 2598; x_wconf 76' lang='lat' dir='ltr'>Augusti</span> 
     </span>
     <span class='ocr_line' id='line_1_21' title="bbox 243 2612 1432 2704; baseline 0 -22"><span class='ocrx_word' id='word_1_122' title='bbox 243 2624 352 2699; x_wconf 87' lang='lat' dir='ltr'>Recepi</span> <span class='ocrx_word' id='word_1_123' title='bbox 377 2642 430 2699; x_wconf 86' lang='lat' dir='ltr'>ego</span> <span class='ocrx_word' id='word_1_124' title='bbox 451 2612 487 2681; x_wconf 88' lang='grc' dir='ltr'>Β.</span> <span class='ocrx_word' id='word_1_125' title='bbox 510 2623 546 2679; x_wconf 93' lang='lat' dir='ltr'>de</span> <span class='ocrx_word' id='word_1_126' title='bbox 567 2622 676 2683; x_wconf 87' lang='lat' dir='ltr'>Ortolis</span> <span class='ocrx_word' id='word_1_127' title='bbox 697 2642 715 2680; x_wconf 90' lang='lat' dir='ltr'>a</span> <span class='ocrx_word' id='word_1_128' title='bbox 737 2623 795 2680; x_wconf 76' lang='lat' dir='ltr'>diro</span> <span class='ocrx_word' id='word_1_129' title='bbox 816 2622 905 2681; x_wconf 85' lang='lat' dir='ltr'>Erico</span> <span class='ocrx_word' id='word_1_130' title='bbox 928 2623 1066 2704; x_wconf 83' lang='lat' dir='ltr'>episcopo</span> <span class='ocrx_word' id='word_1_131' title='bbox 1089 2622 1296 2700; x_wconf 84' lang='lat' dir='ltr'>Stauangrensi</span> <span class='ocrx_word' id='word_1_132' title='bbox 1319 2625 1354 2682; x_wconf 89' lang='lat' dir='ltr'>de</span> <span class='ocrx_word' id='word_1_133' title='bbox 1383 2625 1432 2682; x_wconf 92' lang='lat' dir='ltr'>de·</span> 
     </span>
     <span class='ocr_line' id='line_1_22' title="bbox 245 2722 1432 2801; baseline -0.001 -17"><span class='ocrx_word' id='word_1_134' title='bbox 245 2724 321 2784; x_wconf 87' lang='lat' dir='ltr'>eima</span> <span class='ocrx_word' id='word_1_135' title='bbox 343 2725 527 2801; x_wconf 81' lang='lat' dir='ltr'>episcopatus</span> <span class='ocrx_word' id='word_1_136' title='bbox 539 2724 762 2801; x_wconf 83' lang='lat' dir='ltr'>Stauangrensis</span> <span class='ocrx_word' id='word_1_137' title='bbox 784 2730 824 2782; x_wconf 75' lang='lat' dir='ltr'>‚vt</span> <span class='ocrx_word' id='word_1_138' title='bbox 845 2722 924 2798; x_wconf 90' lang='lat' dir='ltr'>xviij.</span> <span class='ocrx_word' id='word_1_139' title='bbox 943 2743 1057 2783; x_wconf 87' lang='lat' dir='ltr'>marcas</span> <span class='ocrx_word' id='word_1_140' title='bbox 1078 2724 1117 2799; x_wconf 87' lang='lat' dir='ltr'>iij.</span> <span class='ocrx_word' id='word_1_141' title='bbox 1133 2724 1233 2783; x_wconf 80' lang='lat' dir='ltr'>vocius</span> <span class='ocrx_word' id='word_1_142' title='bbox 1249 2725 1326 2784; x_wconf 90' lang='lat' dir='ltr'>dicte</span> <span class='ocrx_word' id='word_1_143' title='bbox 1341 2744 1432 2801; x_wconf 87' lang='lat' dir='ltr'>perue</span> 
     </span>
     <span class='ocr_line' id='line_1_23' title="bbox 244 2826 545 2906; baseline -0.007 -19"><span class='ocrx_word' id='word_1_144' title='bbox 244 2826 367 2906; x_wconf 88' lang='lat' dir='ltr'>pecunie</span> <span class='ocrx_word' id='word_1_145' title='bbox 388 2828 545 2889; x_wconf 66' lang='lat' dir='ltr'>Noricane·</span> 
     </span>
    </p>
   </div>
   <div class='ocr_carea' id='block_1_8' title="bbox 245 3030 1433 3210">
    <p class='ocr_par' dir='ltr' id='par_1_9' title="bbox 245 3030 1433 3210">
     <span class='ocr_line' id='line_1_24' title="bbox 329 3030 1433 3108; baseline -0.004 -19"><span class='ocrx_word' id='word_1_146' title='bbox 329 3030 376 3090; x_wconf 91' lang='lat' dir='ltr'>De</span> <span class='ocrx_word' id='word_1_147' title='bbox 399 3033 504 3108; x_wconf 88' lang='lat' dir='ltr'>quibus</span> <span class='ocrx_word' id='word_1_148' title='bbox 526 3031 627 3091; x_wconf 87' lang='lat' dir='ltr'>habuit</span> <span class='ocrx_word' id='word_1_149' title='bbox 649 3032 702 3090; x_wconf 75' lang='lat' dir='ltr'>dns</span> <span class='ocrx_word' id='word_1_150' title='bbox 733 3049 785 3087; x_wconf 91' lang='lat' dir='ltr'>rex</span> <span class='ocrx_word' id='word_1_151' title='bbox 816 3030 974 3107; x_wconf 86' lang='lat' dir='ltr'>Norwegie</span> <span class='ocrx_word' id='word_1_152' title='bbox 1004 3030 1196 3089; x_wconf 85' lang='lat' dir='ltr'>medietatem.</span> <span class='ocrx_word' id='word_1_153' title='bbox 1228 3031 1364 3091; x_wconf 89' lang='lat' dir='ltr'>videlicet</span> <span class='ocrx_word' id='word_1_154' title='bbox 1393 3031 1433 3106; x_wconf 77' lang='lat' dir='ltr'>,ijt</span> 
     </span>
     <span class='ocr_line' id='line_1_25' title="bbox 245 3131 1234 3210; baseline -0.001 -20"><span class='ocrx_word' id='word_1_155' title='bbox 245 3133 294 3192; x_wconf 88' lang='lat' dir='ltr'>lix.</span> <span class='ocrx_word' id='word_1_156' title='bbox 317 3151 430 3191; x_wconf 83' lang='lat' dir='ltr'>marcas</span> <span class='ocrx_word' id='word_1_157' title='bbox 454 3133 481 3191; x_wconf 84' lang='lat' dir='ltr'>.i.</span> <span class='ocrx_word' id='word_1_158' title='bbox 503 3132 617 3191; x_wconf 79' lang='lat' dir='ltr'>unciam</span> <span class='ocrx_word' id='word_1_159' title='bbox 639 3153 704 3192; x_wconf 93' lang='lat' dir='ltr'>cum</span> <span class='ocrx_word' id='word_1_160' title='bbox 728 3131 845 3190; x_wconf 85' lang='lat' dir='ltr'>dimidia</span> <span class='ocrx_word' id='word_1_161' title='bbox 867 3134 944 3191; x_wconf 89' lang='lat' dir='ltr'>dicte</span> <span class='ocrx_word' id='word_1_162' title='bbox 966 3152 1056 3210; x_wconf 84' lang='lat' dir='ltr'>porue</span> <span class='ocrx_word' id='word_1_163' title='bbox 1078 3134 1209 3208; x_wconf 89' lang='lat' dir='ltr'>pecunie.</span> <span class='ocrx_word' id='word_1_164' title='bbox 1232 3204 1234 3209; x_wconf 69' lang='lat'>,</span> 
     </span>
    </p>
   </div>
   <div class='ocr_carea' id='block_1_9' title="bbox 246 3335 1435 3717">
    <p class='ocr_par' dir='ltr' id='par_1_10' title="bbox 246 3335 1435 3615">
     <span class='ocr_line' id='line_1_26' title="bbox 329 3335 1435 3414; baseline 0.001 -20"><span class='ocrx_word' id='word_1_165' title='bbox 329 3335 485 3412; x_wconf 86' lang='lat' dir='ltr'>Reliquam</span> <span class='ocrx_word' id='word_1_166' title='bbox 506 3355 576 3393; x_wconf 88' lang='lat' dir='ltr'>vero</span> <span class='ocrx_word' id='word_1_167' title='bbox 597 3335 779 3393; x_wconf 89' lang='lat' dir='ltr'>medietatem</span> <span class='ocrx_word' id='word_1_168' title='bbox 803 3336 907 3393; x_wconf 89' lang='lat' dir='ltr'>retinui</span> <span class='ocrx_word' id='word_1_169' title='bbox 930 3354 984 3412; x_wconf 88' lang='lat' dir='ltr'>ego</span> <span class='ocrx_word' id='word_1_170' title='bbox 1007 3337 1041 3394; x_wconf 90' lang='lat' dir='ltr'>B.</span> <span class='ocrx_word' id='word_1_171' title='bbox 1058 3337 1094 3394; x_wconf 91' lang='lat' dir='ltr'>de</span> <span class='ocrx_word' id='word_1_172' title='bbox 1110 3336 1223 3396; x_wconf 88' lang='lat' dir='ltr'>Ortolis</span> <span class='ocrx_word' id='word_1_173' title='bbox 1244 3357 1297 3414; x_wconf 87' lang='lat' dir='ltr'>pro</span> <span class='ocrx_word' id='word_1_174' title='bbox 1320 3357 1435 3396; x_wconf 85' lang='lat' dir='ltr'>camera</span> 
     </span>
     <span class='ocr_line' id='line_1_27' title="bbox 247 3436 1435 3515; baseline 0.003 -21"><span class='ocrx_word' id='word_1_175' title='bbox 247 3436 294 3513; x_wconf 83' lang='lat' dir='ltr'>dnj</span> <span class='ocrx_word' id='word_1_176' title='bbox 316 3437 406 3496; x_wconf 84' lang='lat' dir='ltr'>nostri</span> <span class='ocrx_word' id='word_1_177' title='bbox 429 3457 512 3514; x_wconf 85' lang='lat' dir='ltr'>pape.</span> <span class='ocrx_word' id='word_1_178' title='bbox 536 3437 670 3495; x_wconf 88' lang='lat' dir='ltr'>videlicet</span> <span class='ocrx_word' id='word_1_179' title='bbox 692 3436 733 3511; x_wconf 76' lang='lat' dir='ltr'>.ij⁰.</span> <span class='ocrx_word' id='word_1_180' title='bbox 756 3437 805 3495; x_wconf 91' lang='lat' dir='ltr'>lix.</span> <span class='ocrx_word' id='word_1_181' title='bbox 827 3456 915 3496; x_wconf 86' lang='lat' dir='ltr'>marc.</span> <span class='ocrx_word' id='word_1_182' title='bbox 934 3439 951 3494; x_wconf 94' lang='lat' dir='ltr'>i.</span> <span class='ocrx_word' id='word_1_183' title='bbox 974 3457 1040 3496; x_wconf 90' lang='lat' dir='ltr'>vnc.</span> <span class='ocrx_word' id='word_1_184' title='bbox 1062 3447 1090 3495; x_wconf 89' lang='lat' dir='ltr'>et</span> <span class='ocrx_word' id='word_1_185' title='bbox 1119 3439 1265 3497; x_wconf 87' lang='lat' dir='ltr'>dimidiam</span> <span class='ocrx_word' id='word_1_186' title='bbox 1286 3439 1315 3496; x_wconf 90' lang='lat' dir='ltr'>in</span> <span class='ocrx_word' id='word_1_187' title='bbox 1342 3459 1435 3515; x_wconf 87' lang='lat' dir='ltr'>parua</span> 
     </span>
     <span class='ocr_line' id='line_1_28' title="bbox 246 3539 378 3615; baseline 0 -18"><span class='ocrx_word' id='word_1_188' title='bbox 246 3539 378 3615; x_wconf 87' lang='lat' dir='ltr'>pecunia.</span> 
     </span>
    </p>

    <p class='ocr_par' dir='ltr' id='par_1_11' title="bbox 247 3637 313 3717">
     <span class='ocr_line' id='line_1_29' title="bbox 247 3637 313 3717; baseline -0.045 -6"><span class='ocrx_word' id='word_1_189' title='bbox 247 3637 313 3717; x_wconf 77' lang='lat' dir='ltr'>[ap-l</span> 
     </span>
    </p>
   </div>
   <div class='ocr_carea' id='block_1_10' title="bbox 247 3741 1435 3904">
    <p class='ocr_par' dir='ltr' id='par_1_12' title="bbox 247 3741 1435 3904">
     <span class='ocr_line' id='line_1_30' title="bbox 429 3741 1435 3819; baseline -0.002 -15"><span class='ocrx_word' id='word_1_190' title='bbox 429 3741 550 3804; x_wconf 88' lang='lat' dir='ltr'>Summa</span> <span class='ocrx_word' id='word_1_191' title='bbox 570 3742 675 3819; x_wconf 81' lang='lat' dir='ltr'>pagine</span> <span class='ocrx_word' id='word_1_192' title='bbox 696 3744 732 3801; x_wconf 93' lang='lat' dir='ltr'>de</span> <span class='ocrx_word' id='word_1_193' title='bbox 753 3742 878 3819; x_wconf 83' lang='lat' dir='ltr'>receptis</span> <span class='ocrx_word' id='word_1_194' title='bbox 900 3762 953 3818; x_wconf 88' lang='lat' dir='ltr'>pro</span> <span class='ocrx_word' id='word_1_195' title='bbox 976 3762 1091 3801; x_wconf 79' lang='lat' dir='ltr'>camera</span> <span class='ocrx_word' id='word_1_196' title='bbox 1117 3770 1149 3780; x_wconf 88' lang='grc'><strong>-</strong></span> <span class='ocrx_word' id='word_1_197' title='bbox 1168 3742 1208 3819; x_wconf 73' lang='lat' dir='ltr'>‚ije</span> <span class='ocrx_word' id='word_1_198' title='bbox 1236 3745 1285 3803; x_wconf 88' lang='lat' dir='ltr'>lix.</span> <span class='ocrx_word' id='word_1_199' title='bbox 1308 3763 1395 3803; x_wconf 86' lang='lat' dir='ltr'>marc.</span> <span class='ocrx_word' id='word_1_200' title='bbox 1417 3745 1435 3802; x_wconf 91' lang='lat' dir='ltr'>i.</span> 
     </span>
     <span class='ocr_line' id='line_1_31' title="bbox 247 3824 918 3904; baseline 0.001 -19"><span class='ocrx_word' id='word_1_201' title='bbox 247 3824 313 3904; x_wconf 78' lang='lat' dir='ltr'>[ap]</span> <span class='ocrx_word' id='word_1_202' title='bbox 429 3846 494 3886; x_wconf 86' lang='lat' dir='ltr'>vuc.</span> <span class='ocrx_word' id='word_1_203' title='bbox 514 3847 605 3904; x_wconf 84' lang='lat' dir='ltr'>perne</span> <span class='ocrx_word' id='word_1_204' title='bbox 628 3839 742 3887; x_wconf 90' lang='lat' dir='ltr'>monete</span> <span class='ocrx_word' id='word_1_205' title='bbox 763 3829 918 3888; x_wconf 86' lang='lat' dir='ltr'>Norieane.</span> 
     </span>
    </p>
   </div>
   <div class='ocr_carea' id='block_1_11' title="bbox 168 3981 1437 4873">
    <p class='ocr_par' dir='ltr' id='par_1_13' title="bbox 168 3981 1437 4772">
     <span class='ocr_line' id='line_1_32' title="bbox 329 3981 1437 4061; baseline 0.001 -20"><span class='ocrx_word' id='word_1_206' title='bbox 329 3981 434 4041; x_wconf 89' lang='lat' dir='ltr'>Dictus</span> <span class='ocrx_word' id='word_1_207' title='bbox 462 3999 531 4038; x_wconf 88' lang='lat' dir='ltr'>vero</span> <span class='ocrx_word' id='word_1_208' title='bbox 554 3981 687 4041; x_wconf 88' lang='lat' dir='ltr'>dominus</span> <span class='ocrx_word' id='word_1_209' title='bbox 708 3982 812 4041; x_wconf 84' lang='lat' dir='ltr'>Ericus</span> <span class='ocrx_word' id='word_1_210' title='bbox 845 3983 1000 4061; x_wconf 85' lang='lat' dir='ltr'>episcopus</span> <span class='ocrx_word' id='word_1_211' title='bbox 1032 3983 1255 4060; x_wconf 84' lang='lat' dir='ltr'>Stauengrensis</span> <span class='ocrx_word' id='word_1_212' title='bbox 1287 3985 1437 4044; x_wconf 87' lang='lat' dir='ltr'>Remansit</span> 
     </span>
     <span class='ocr_line' id='line_1_33' title="bbox 248 4082 1435 4162; baseline 0.003 -21"><span class='ocrx_word' id='word_1_213' title='bbox 248 4083 391 4160; x_wconf 84' lang='lat' dir='ltr'>obligatus</span> <span class='ocrx_word' id='word_1_214' title='bbox 413 4082 475 4158; x_wconf 73' lang='lat' dir='ltr'>‚iiijt</span> <span class='ocrx_word' id='word_1_215' title='bbox 496 4082 533 4159; x_wconf 88' lang='lat' dir='ltr'>iij.</span> <span class='ocrx_word' id='word_1_216' title='bbox 559 4103 647 4142; x_wconf 88' lang='lat' dir='ltr'>marc.</span> <span class='ocrx_word' id='word_1_217' title='bbox 667 4084 742 4143; x_wconf 86' lang='lat' dir='ltr'>dicte</span> <span class='ocrx_word' id='word_1_218' title='bbox 765 4103 855 4160; x_wconf 86' lang='lat' dir='ltr'>perne</span> <span class='ocrx_word' id='word_1_219' title='bbox 876 4085 999 4162; x_wconf 89' lang='lat' dir='ltr'>pecunie</span> <span class='ocrx_word' id='word_1_220' title='bbox 1022 4085 1058 4142; x_wconf 88' lang='lat' dir='ltr'>ed</span> <span class='ocrx_word' id='word_1_221' title='bbox 1082 4086 1160 4161; x_wconf 90' lang='lat' dir='ltr'>quod</span> <span class='ocrx_word' id='word_1_222' title='bbox 1182 4085 1352 4144; x_wconf 90' lang='lat' dir='ltr'>soluendum</span> <span class='ocrx_word' id='word_1_223' title='bbox 1376 4095 1435 4144; x_wconf 91' lang='lat' dir='ltr'>tam</span> 
     </span>
     <span class='ocr_line' id='line_1_34' title="bbox 168 4186 1436 4265; baseline 0.005 -24"><span class='ocrx_word' id='word_1_224' title='bbox 168 4214 175 4241; x_wconf 91' lang='grc'>,·</span> <span class='ocrx_word' id='word_1_225' title='bbox 248 4203 360 4244; x_wconf 85' lang='lat' dir='ltr'>camere</span> <span class='ocrx_word' id='word_1_226' title='bbox 382 4203 469 4261; x_wconf 88' lang='lat' dir='ltr'>quam</span> <span class='ocrx_word' id='word_1_227' title='bbox 491 4187 553 4262; x_wconf 74' lang='lat' dir='ltr'>regi</span> <span class='ocrx_word' id='word_1_228' title='bbox 576 4186 717 4262; x_wconf 85' lang='lat' dir='ltr'>obligauit</span> <span class='ocrx_word' id='word_1_229' title='bbox 734 4206 768 4245; x_wconf 88' lang='lat' dir='ltr'>se</span> <span class='ocrx_word' id='word_1_230' title='bbox 792 4206 906 4245; x_wconf 89' lang='lat' dir='ltr'>camere</span> <span class='ocrx_word' id='word_1_231' title='bbox 928 4187 976 4263; x_wconf 81' lang='lat' dir='ltr'>dnj</span> <span class='ocrx_word' id='word_1_232' title='bbox 998 4206 1074 4262; x_wconf 89' lang='lat' dir='ltr'>pape</span> <span class='ocrx_word' id='word_1_233' title='bbox 1097 4197 1124 4244; x_wconf 90' lang='lat' dir='ltr'>et</span> <span class='ocrx_word' id='word_1_234' title='bbox 1146 4188 1223 4244; x_wconf 88' lang='lat' dir='ltr'>bona</span> <span class='ocrx_word' id='word_1_235' title='bbox 1248 4188 1339 4264; x_wconf 86' lang='lat' dir='ltr'>ipsius</span> <span class='ocrx_word' id='word_1_236' title='bbox 1362 4191 1436 4265; x_wconf 83' lang='lat' dir='ltr'>epis·</span> 
     </span>
     <span class='ocr_line' id='line_1_35' title="bbox 248 4287 1436 4366; baseline 0.003 -20"><span class='ocrx_word' id='word_1_237' title='bbox 248 4296 369 4364; x_wconf 87' lang='lat' dir='ltr'>copatus</span> <span class='ocrx_word' id='word_1_238' title='bbox 392 4287 614 4363; x_wconf 84' lang='lat' dir='ltr'>Stauangrensis</span> <span class='ocrx_word' id='word_1_239' title='bbox 636 4288 771 4348; x_wconf 86' lang='lat' dir='ltr'>videlicet</span> <span class='ocrx_word' id='word_1_240' title='bbox 793 4290 865 4347; x_wconf 92' lang='lat' dir='ltr'>duas</span> <span class='ocrx_word' id='word_1_241' title='bbox 887 4300 985 4366; x_wconf 86' lang='lat' dir='ltr'>partes</span> <span class='ocrx_word' id='word_1_242' title='bbox 1006 4289 1034 4345; x_wconf 90' lang='lat' dir='ltr'>in</span> <span class='ocrx_word' id='word_1_243' title='bbox 1057 4297 1185 4365; x_wconf 85' lang='lat' dir='ltr'>argento.</span> <span class='ocrx_word' id='word_1_244' title='bbox 1210 4292 1436 4366; x_wconf 84' lang='lat' dir='ltr'>computandum</span> 
     </span>
     <span class='ocr_line' id='line_1_36' title="bbox 248 4389 1436 4468; baseline 0.003 -22"><span class='ocrx_word' id='word_1_245' title='bbox 248 4408 333 4448; x_wconf 87' lang='lat' dir='ltr'>vnem</span> <span class='ocrx_word' id='word_1_246' title='bbox 356 4407 483 4447; x_wconf 85' lang='lat' dir='ltr'>marcam</span> <span class='ocrx_word' id='word_1_247' title='bbox 506 4389 616 4465; x_wconf 84' lang='lat' dir='ltr'>argentj</span> <span class='ocrx_word' id='word_1_248' title='bbox 640 4408 693 4466; x_wconf 87' lang='lat' dir='ltr'>pro</span> <span class='ocrx_word' id='word_1_249' title='bbox 716 4400 841 4467; x_wconf 90' lang='lat' dir='ltr'>quatuor</span> <span class='ocrx_word' id='word_1_250' title='bbox 863 4391 939 4450; x_wconf 90' lang='lat' dir='ltr'>dicte</span> <span class='ocrx_word' id='word_1_251' title='bbox 952 4410 1042 4468; x_wconf 87' lang='lat' dir='ltr'>parue</span> <span class='ocrx_word' id='word_1_252' title='bbox 1058 4399 1181 4448; x_wconf 89' lang='lat' dir='ltr'>monete.</span> <span class='ocrx_word' id='word_1_253' title='bbox 1195 4391 1436 4450; x_wconf 84' lang='lat' dir='ltr'>Residunmvcro</span> 
     </span>
     <span class='ocr_line' id='line_1_37' title="bbox 246 4489 527 4568; baseline -0.007 -18"><span class='ocrx_word' id='word_1_254' title='bbox 246 4511 339 4568; x_wconf 89' lang='lat' dir='ltr'>usque</span> <span class='ocrx_word' id='word_1_255' title='bbox 361 4491 399 4550; x_wconf 88' lang='lat' dir='ltr'>ad</span> <span class='ocrx_word' id='word_1_256' title='bbox 421 4489 527 4548; x_wconf 88' lang='lat' dir='ltr'>dictam</span> 
     </span>
     <span class='ocr_line' id='line_1_38' title="bbox 247 4592 1436 4671; baseline 0.002 -21"><span class='ocrx_word' id='word_1_257' title='bbox 247 4612 339 4669; x_wconf 87' lang='lat' dir='ltr'>parua</span> <span class='ocrx_word' id='word_1_258' title='bbox 360 4592 486 4670; x_wconf 87' lang='lat' dir='ltr'>pecunia</span> <span class='ocrx_word' id='word_1_259' title='bbox 506 4593 655 4651; x_wconf 86' lang='lat' dir='ltr'>Norieane</span> <span class='ocrx_word' id='word_1_260' title='bbox 677 4593 705 4650; x_wconf 94' lang='lat' dir='ltr'>in</span> <span class='ocrx_word' id='word_1_261' title='bbox 727 4593 799 4651; x_wconf 84' lang='lat' dir='ltr'>festo</span> <span class='ocrx_word' id='word_1_262' title='bbox 820 4595 912 4653; x_wconf 87' lang='lat' dir='ltr'>saneti</span> <span class='ocrx_word' id='word_1_263' title='bbox 934 4593 1072 4652; x_wconf 88' lang='lat' dir='ltr'>Iohannis</span> <span class='ocrx_word' id='word_1_264' title='bbox 1088 4595 1213 4671; x_wconf 89' lang='lat' dir='ltr'>baptiste</span> <span class='ocrx_word' id='word_1_265' title='bbox 1232 4605 1286 4652; x_wconf 90' lang='lat' dir='ltr'>etc.</span> <span class='ocrx_word' id='word_1_266' title='bbox 1305 4595 1436 4669; x_wconf 89' lang='lat' dir='ltr'>proxime</span> 
     </span>
     <span class='ocr_line' id='line_1_39' title="bbox 247 4692 1263 4772; baseline 0.001 -20"><span class='ocrx_word' id='word_1_267' title='bbox 247 4694 378 4771; x_wconf 89' lang='lat' dir='ltr'>sequenti</span> <span class='ocrx_word' id='word_1_268' title='bbox 402 4721 436 4732; x_wconf 91' lang='lat'><em>-</em></span> <span class='ocrx_word' id='word_1_269' title='bbox 462 4693 514 4769; x_wconf 74' lang='lat' dir='ltr'>iiijt</span> <span class='ocrx_word' id='word_1_270' title='bbox 535 4694 573 4770; x_wconf 91' lang='lat' dir='ltr'>iij.</span> <span class='ocrx_word' id='word_1_271' title='bbox 598 4714 686 4753; x_wconf 85' lang='lat' dir='ltr'>merc.</span> <span class='ocrx_word' id='word_1_272' title='bbox 711 4715 800 4772; x_wconf 86' lang='lat' dir='ltr'>perne</span> <span class='ocrx_word' id='word_1_273' title='bbox 822 4705 937 4753; x_wconf 88' lang='lat' dir='ltr'>monete</span> <span class='ocrx_word' id='word_1_274' title='bbox 958 4695 1113 4760; x_wconf 86' lang='lat' dir='ltr'>Noricane.</span> <span class='ocrx_word' id='word_1_275' title='bbox 1159 4692 1263 4766; x_wconf 65' lang='lat' dir='ltr'>[deleti</span> 
     </span>
    </p>

    <p class='ocr_par' dir='ltr' id='par_1_14' title="bbox 331 4795 1437 4873">
     <span class='ocr_line' id='line_1_40' title="bbox 331 4795 1437 4873; baseline 0.002 -21"><span class='ocrx_word' id='word_1_276' title='bbox 331 4795 404 4854; x_wconf 88' lang='lat' dir='ltr'>Item</span> <span class='ocrx_word' id='word_1_277' title='bbox 427 4796 515 4854; x_wconf 90' lang='lat' dir='ltr'>debet</span> <span class='ocrx_word' id='word_1_278' title='bbox 536 4795 630 4855; x_wconf 90' lang='lat' dir='ltr'>dictus</span> <span class='ocrx_word' id='word_1_279' title='bbox 652 4797 706 4856; x_wconf 76' lang='lat' dir='ltr'>dits</span> <span class='ocrx_word' id='word_1_280' title='bbox 725 4798 864 4858; x_wconf 89' lang='lat' dir='ltr'>Ormerus</span> <span class='ocrx_word' id='word_1_281' title='bbox 887 4797 1279 4873; x_wconf 84' lang='lat' dir='ltr'>canonicusStauangrensis</span> <span class='ocrx_word' id='word_1_282' title='bbox 1301 4798 1337 4855; x_wconf 89' lang='lat' dir='ltr'>dc</span> <span class='ocrx_word' id='word_1_283' title='bbox 1359 4795 1437 4855; x_wconf 87' lang='lat' dir='ltr'>dicte</span> 
     </span>
    </p>
   </div>
   <div class='ocr_carea' id='block_1_12' title="bbox 0 0 1803 5625">
    <p class='ocr_par' dir='ltr' id='par_1_15' title="bbox 0 0 1803 5625">
     <span class='ocr_line' id='line_1_41' title="bbox 0 0 1803 5625; baseline 0 0"><span class='ocrx_word' id='word_1_284' title='bbox 0 0 1803 5625; x_wconf 95' lang='lat' dir='ltr'> </span> 
     </span>
    </p>
   </div>
  </div>
 </body>
</html>
