3584 5625
938 492 997 551 160

372 680 397 721 et
410 672 473 735 alijs
491 674 600 722 dominis
616 688 662 723 seu
681 674 829 734 rectoribus,
849 675 903 723 siue
921 676 1034 738 consilijs
1060 678 1192 727 ciuitatum
1219 687 1370 740 castrorum,
1396 688 1422 729 et
1451 682 1560 732 aliorum

371 758 486 806 locorum
504 759 537 807 ad
555 772 617 820 qnos
635 759 718 807 littere
736 758 784 807 iste
802 761 963 821 perueneriut
981 763 1089 811 salutern
1108 770 1133 811 et
1154 764 1322 827 apostolicam
1347 764 1560 817 benedictionem.

371 841 436 894 Cum
455 843 574 892 dilectum
593 844 672 892 filium
691 843 874 906 Hnguitionem
884 846 1022 909 plebanum
1034 846 1114 910 plebis
1128 848 1158 897 de
1168 848 1324 899 castellione
1332 848 1440 900 Aretine
1450 852 1561 902 diocesis

371 930 531 991 capellanum
550 941 673 993 nostrum,
691 933 800 981 latorem
821 932 977 994 presentium
1004 932 1036 979 ad
1065 946 1170 994 regnum
1196 933 1321 997 Norweye
1346 936 1485 986 commissa
1514 937 1561 986 eibi

371 1013 541 1063 sollicitudine
559 1018 696 1080 colligendi
716 1017 839 1066 decimum
863 1014 1094 1066 ecclesiasticorum
1121 1026 1292 1082 prouentuum
1319 1021 1468 1084 deputatam
1495 1029 1561 1071 terre

285 1163 291 1176 .
371 1108 458 1148 sancte
476 1101 590 1151 subsidio
609 1103 770 1151 destinemus.
806 1100 1006 1150 Vniuersitatem
1025 1109 1136 1151 uestram
1148 1118 1269 1165 rogamus
1282 1112 1308 1153 et
1317 1105 1451 1154 hortamur
1464 1112 1561 1155 attente

371 1197 416 1245 per
433 1187 574 1249 apostolica
594 1188 665 1236 uobis
684 1187 779 1251 scripta
796 1185 946 1235 mandantes
964 1185 1083 1248 quatinus
1102 1188 1184 1237 eidem
1202 1187 1335 1251 capellano
1353 1203 1411 1238 eum
1435 1206 1482 1254 per
1504 1206 1560 1255 par-

371 1279 409 1319 tas
427 1280 525 1320 uestras
544 1271 679 1321 transitum
697 1269 791 1329 fecerit,
805 1286 851 1335 pro
863 1285 890 1319 se
908 1277 933 1320 et
950 1269 1048 1319 familia
1066 1278 1091 1319 ct
1108 1272 1182 1321 bouis
1201 1272 1253 1322 suis
1271 1273 1302 1321 de
1320 1289 1412 1324 securo
1430 1278 1561 1327 conductu

370 1357 396 1405 in
415 1357 497 1406 eundo
521 1357 646 1406 morando
672 1363 698 1404 et
723 1356 853 1408 redeundo
880 1354 913 1403 ob
940 1353 1108 1404 reuerentiam
1134 1357 1273 1419 apostolica
1300 1359 1366 1408 aedis
1393 1367 1420 1409 et
1446 1368 1560 1411 nostram

370 1441 507 1491 liberaliter
524 1441 657 1506 prouidere
675 1441 777 1503 curetis,
794 1442 831 1489 ita
849 1441 917 1503 quod
935 1439 1079 1489 deuotionis
1097 1450 1182 1492 uentre
1194 1443 1419 1506 promptitudinem
1432 1448 1560 1509 possimus

370 1526 463 1575 exinde
481 1528 571 1575 marito
590 1525 774 1574 commendare.
819 1525 915 1574 Datum
938 1526 1019 1574 Rome
1036 1525 1105 1588 apud
1122 1534 1239 1576 sanctum
1255 1527 1360 1577 Petrum
1377 1529 1429 1578 luel.
1448 1529 1560 1581 Nouem-

370 1611 421 1660 bris
438 1611 602 1674 pontificatus
621 1611 701 1660 nostri
719 1626 787 1659 anno
804 1611 893 1673 primo.

700 1692 766 1737 (uret.
782 1694 822 1733 Vel.
837 1693 881 1741 fleg.
898 1694 966 1731 llouor.
980 1693 1010 1730 tv.
1025 1702 1056 1732 en.
1070 1694 1084 1731 l.
1099 1704 1129 1742 ep.
1142 1692 1180 1730 217
1195 1692 1223 1738 b).

714 1920 762 1978 37.
809 1918 898 1977 1285.
945 1921 1006 1975 lete
1029 1919 1204 1977 November.

436 2035 566 2085 Honorius
585 2036 720 2099 episcopus
747 2050 766 2083 s.
786 2050 805 2083 s.
825 2035 849 2083 d.
868 2033 1055 2083 uenerabilibus
1079 2032 1199 2083 fratribus
1226 2034 1425 2100 archiepiscopis
1452 2043 1479 2087 et
1506 2040 1558 2103 cpi·

368 2121 460 2184 scopis,
478 2135 508 2169 ac
527 2119 586 2183 alije
604 2120 767 2169 ecclesiarum
786 2118 889 2180 prelatis
908 2119 978 2180 regui
996 2117 1092 2180 Suetie,
1109 2118 1218 2168 salutem
1237 2120 1280 2168 &c
1316 2119 1458 2173 Credentes
1480 2123 1557 2174 firmi·

368 2216 406 2256 ter
423 2207 491 2269 quod
508 2206 540 2254 ad
559 2204 659 2255 felicem
677 2206 863 2269 promotionem
880 2202 976 2264 negotij
997 2211 1062 2252 terre
1080 2211 1169 2253 sancte
1186 2205 1278 2253 mentis
1301 2214 1387 2255 nostre
1402 2204 1557 2260 desiderium

367 2291 499 2353 dirigatur,
509 2305 597 2339 secure
615 2291 745 2353 pulsamus
764 2306 810 2340 uos
828 2290 945 2353 precibus
964 2295 990 2337 et
1007 2288 1155 2351 requirimus
1174 2288 1326 2340 fiducialiter
1343 2304 1421 2356 super
1439 2292 1491 2356 hijs
1509 2309 1556 2358 que

367 2374 494 2440 prefatum
505 2377 638 2437 negotium
650 2378 796 2439 contingere
809 2376 983 2423 dinoscuntur.
1014 2372 1081 2423 Cum
1092 2374 1176 2436 itaque
1189 2374 1308 2423 dilectum
1320 2376 1402 2427 filiurn
1417 2377 1555 2442 Huguitio·

367 2475 424 2510 nem
442 2461 578 2525 plebanum
597 2461 640 2510 dre.
659 2463 692 2510 ad
704 2475 809 2523 regnum
821 2460 908 2510 Suetie
922 2474 969 2523 pro
978 2458 1084 2525 negotio
1094 2458 1191 2507 decime
1201 2466 1266 2508 terre
1279 2470 1366 2523 sancte
1374 2463 1400 2511 in
1410 2478 1492 2527 regno
1500 2466 1556 2529 ipso

367 2546 530 2596 subnentioni
548 2560 675 2606 concesse,
694 2553 796 2609 sumpta
814 2546 845 2593 de
862 2545 942 2607 ipsius
960 2543 1093 2607 multiplici
1115 2544 1243 2607 probitate
1269 2546 1363 2595 fidncia
1389 2548 1555 2611 destinemus,

367 2631 545 2681 discretionem
563 2639 674 2681 uestram
692 2632 832 2694 rogandam
850 2636 947 2677 attente
971 2626 1089 2677 duximus
1116 2637 1141 2676 et
1167 2630 1328 2692 hortandam,
1354 2640 1480 2695 qnatenus
1511 2648 1555 2699 pro

367 2717 454 2766 diuina
472 2723 497 2766 et
515 2717 654 2781 apostolice
678 2716 744 2765 sedis
771 2714 913 2764 reuerentia
939 2713 1081 2777 predictum
1105 2713 1243 2777 plebanum
1269 2717 1392 2767 babentes
1419 2718 1555 2782 benignius

366 2804 579 2863 commendatum,
597 2801 645 2851 sibi
671 2817 747 2866 super
771 2800 917 2866 premissis·
931 2814 990 2848 cum
1007 2798 1039 2848 ab
1057 2814 1088 2848 eo
1105 2797 1203 2849 fueritis
1220 2801 1342 2864 requisiti,
1361 2804 1439 2854 uestri
1456 2803 1555 2856 fauoris

278 2886 287 2909 '‘
366 2887 493 2936 auxilium
510 2887 669 2950 impendatis,
688 2887 711 2935 ci
730 2887 761 2935 dc
779 2901 867 2936 securo
886 2886 1014 2934 conductu
1032 2885 1167 2948 prurienti,
1185 2885 1222 2934 ita
1239 2888 1307 2949 qnod
1335 2889 1403 2938 idem
1422 2890 1554 2954 >plebanae

366 2978 453 3022 uestro
471 2970 559 3021 fauore
577 2970 696 3021 suffultus
714 2970 869 3022 fructuosius
887 2977 914 3019 et
931 2968 1056 3018 efficatius
1073 2969 1167 3019 habere
1185 2986 1212 3021 se
1230 2972 1317 3022 ualeat
1342 2973 1368 3022 in
1394 2975 1444 3023 hac
1470 2985 1553 3039 parte,

366 3071 462 3122 uosque
489 3056 596 3121 proinde
625 3057 658 3105 ab
684 3058 795 3105 omnium
824 3055 975 3105 retributore
1001 3054 1127 3103 bonorum
1156 3056 1282 3119 condigna
1307 3058 1404 3121 premia
1431 3063 1553 3125 consequi

366 3143 481 3202 ualeatis,
500 3156 530 3190 ac
548 3156 594 3191 nos
612 3148 696 3188 nestre
714 3141 857 3189 denotionis
875 3139 1100 3204 promptitudinem
1117 3154 1169 3189 non
1186 3140 1311 3191 immerito
1337 3146 1553 3214 commendemus.

364 3227 426 3277 Dat.
444 3228 525 3277 Rome
544 3212 610 3289 apud
629 3232 744 3275 sanctam
756 3225 878 3275 Sabinam
890 3224 942 3273 lral.
951 3222 1103 3272 Nouembris
1112 3217 1369 3288 pontificatus'nostri
1379 3242 1448 3281 auno
1461 3233 1552 3295 primo.

433 3313 463 3362 In
481 3327 502 3361 e.
520 3327 553 3361 m.
572 3310 671 3360 dilectis
692 3309 752 3373 filijs
779 3309 908 3373 magistris
937 3311 1028 3358 domus
1053 3309 1143 3359 militie
1174 3310 1283 3374 Templi,
1310 3312 1445 3378 hospitalis
1472 3318 1553 3366 sancti

365 3396 493 3447 Johannis
511 3395 722 3454 Jerosolimitani‚
740 3402 765 3445 et
783 3395 877 3446 Sancte
893 3394 976 3444 Maris
993 3393 1213 3445 Theotouicorum
1236 3397 1363 3460 prioribus
1387 3407 1413 3449 et
1430 3398 1552 3460 fratribus

365 3481 488 3532 uniuersis
506 3482 577 3544 regui
595 3481 688 3531 Suetie.

433 3565 464 3614 ln
482 3580 503 3613 e.
522 3581 555 3614 m.
574 3581 657 3616 vener.
676 3565 796 3616 fratribus
815 3564 1011 3628 archiepiscopis
1039 3572 1065 3614 et
1091 3564 1216 3629 episcopis
1235 3566 1278 3614 &c
1296 3562 1368 3630 regni
1394 3568 1481 3631 Datie,
1507 3585 1553 3634 pro

365 3645 455 3699 eodem
474 3650 583 3714 plebano
601 3652 634 3700 ad
651 3666 758 3714 regnum
775 3651 860 3700 Datie.

433 3734 464 3783 In
481 3749 503 3783 e.
522 3750 554 3784 m.
574 3735 617 3784 dil.
635 3736 694 3800 filijs
713 3736 841 3800 magistris
860 3737 950 3791 domus
968 3733 1058 3782 militie
1076 3737 1120 3782 dc.
1138 3733 1210 3795 regui
1226 3734 1311 3786 Datie.

709 3818 775 3867 (Aret.
792 3821 833 3859 vet.
848 3819 894 3866 aeg.
910 3820 978 3856 tloucr.
993 3817 1024 3857 lv.
1039 3827 1069 3856 uu.
1084 3819 1095 3854 l.
1111 3828 1141 3866 ep.
1154 3813 1206 3862 utut.
1236 3851 1240 3859 .

724 4045 772 4105 38.
819 4043 908 4102 1285.
952 4041 1000 4100 5te
1019 4042 1194 4101 November.

432 4159 564 4211 Honorius
583 4161 716 4226 epiecopus
735 4178 755 4211 s.
773 4177 793 4211 s.
819 4160 859 4212 dei
880 4159 1004 4207 uniuersis
1031 4157 1126 4208 Christi
1152 4158 1269 4209 fidelibus
1295 4168 1427 4224 presentes
1453 4162 1553 4214 litteras

364 4243 514 4308 inspecturis
533 4245 641 4295 salutem
658 4253 684 4295 et
700 4247 810 4311 apostol.
828 4244 955 4296 benedict.
1002 4241 1068 4292 Cum
1095 4243 1202 4292 dilectos
1228 4244 1295 4294 filios
1313 4245 1454 4311 Apuliuum
1471 4247 1553 4309 Salui,

364 4329 475 4378 Baldum
491 4329 596 4391 Rnffoli,
614 4330 751 4381 Bentinum
769 4331 915 4396 Danuapeti
933 4335 959 4377 et
977 4327 1087 4378 Cianum
1111 4327 1259 4378 Michaelis
1273 4330 1304 4378 de
1326 4324 1459 4394 Thomasij
1486 4333 1553 4397 Spil-

364 4414 419 4474 lati‚
437 4422 463 4463 et
479 4414 544 4478 Lepi
567 4415 668 4480 Vgonis
695 4416 780 4481 Spiue,
806 4431 836 4465 ac
863 4412 1077 4466 Jldebrondinum
1104 4413 1234 4472 Brunecti,
1261 4412 1424 4465 Jacominum
1453 4415 1553 4480 Alfeni,

363 4499 496 4549 Forensini
514 4499 641 4551 Johannis
659 4500 754 4563 Alfeni,
772 4502 893 4550 Brosium
911 4496 1008 4558 iuncti,
1026 4503 1052 4545 et
1070 4495 1214 4547 Johanucm
1239 4496 1393 4549 Gnaltcrotti
1420 4502 1452 4550 dc
1477 4502 1553 4553 Alfa-

364 4600 455 4635 norum
473 4587 644 4646 societatibus,
662 4586 731 4636 ciues
749 4594 775 4636 et
792 4592 946 4635 mercatores
964 4582 1135 4642 Florentium,
1153 4583 1254 4632 latores.
1266 4584 1424 4646 presentium
1441 4588 1475 4636 ed
1488 4587 1552 4639 Nor-

364 4684 441 4734 weye,
458 4670 545 4731 Datie,
564 4683 589 4721 et
606 4671 694 4722 Suetie
710 4678 803 4736 partes,
821 4685 867 4735 pro
887 4669 1038 4734 quibusdam
1057 4665 1162 4716 ecclesie
1177 4666 1298 4717 Romane
1309 4668 1422 4731 negotijs
1441 4670 1552 4721 destinc-

363 4769 428 4816 mus‚
445 4756 636 4806 uniuersitatem
654 4764 765 4806 uestrum
782 4771 903 4819 rogamus
930 4764 955 4803 et
982 4757 1116 4806 hortamur
1141 4761 1238 4804 attente
1263 4753 1383 4816 quatinus
1412 4754 1483 4818 ipsos
1510 4757 1552 4806 uel

364 4854 451 4888 eorum
470 4841 607 4903 quemlibet
624 4855 682 4889 cnm
700 4856 745 4904 per
762 4857 809 4891 uos
828 4841 960 4892 transitum
978 4839 1082 4889 feceriut
1093 4840 1162 4889 altre
1170 4839 1249 4888 libere
1259 4838 1443 4902 permittentes,
1453 4840 1550 4890 nullam
