3584 5625
354 947 411 1029 De
443 949 573 1052 legetis
605 945 710 1026 lactis
745 950 778 1024 in
811 944 1008 1023 subsidium
1040 957 1136 1025 tarra
1169 958 1305 1027 sancte.

275 1189 279 1198 .
319 1134 470 1222 dohannes
491 1131 645 1209 episcopus
665 1148 766 1190 seruus
788 1100 937 1187 seruorum
961 1127 1005 1204 daj
1019 1129 1185 1190 Venerabili
1200 1131 1280 1192 fratri
1293 1132 1423 1193 Johanni

235 1233 384 1313 Episcopo
406 1231 587 1294 Roslrildensi
611 1242 639 1290 et
661 1230 766 1289 dilecto
788 1229 847 1288 filio
868 1229 957 1288 Petro
980 1229 1117 1292 Goruasii
1132 1230 1280 1293 Canonico
1302 1235 1425 1294 ecclesie

1437 973 1516 1013 tutat·

235 1337 328 1398 sancti
350 1335 456 1412 Etmdij
480 1332 644 1393 Aniciensis
666 1330 825 1409 apostolica
847 1331 924 1389 sedis
946 1332 1073 1406 Nucula,
1095 1331 1224 1394 Salutem
1257 1344 1286 1393 et
1308 1344 1424 1413 aposto·
1447 1322 1450 1330 ¹

235 1438 322 1517 licam
343 1436 578 1496 benediccionem
595 1433 718 1492 Auditui
740 1432 827 1490 nostri
851 1432 1031 1509 apostolatus
1052 1433 1175 1492 innotuit
1196 1436 1276 1509 quod
1294 1437 1423 1496 nonnulli

235 1537 336 1597 fideles
359 1537 394 1597 de
414 1538 518 1614 Regno
540 1533 633 1593 Dacia
656 1535 693 1592 ad
715 1544 821 1591 terram
850 1544 980 1593 sanctam
1013 1536 1091 1612 pium
1124 1545 1258 1611 gerentes
1291 1557 1424 1615 compes·

236 1639 325 1699 sionis
346 1637 481 1698 affectum
504 1647 582 1695 certa
604 1635 700 1712 legata
731 1634 861 1693 lecerunt
891 1656 945 1713 pro
979 1637 1106 1697 subsidio
1140 1637 1216 1696 dicte
1247 1646 1331 1697 terra.
1365 1640 1426 1700 Nos

236 1743 336 1819 itaque
370 1727 499 1799 volentes
533 1736 610 1814 quod
644 1738 741 1813 legata
772 1736 934 1796 huiusmodi
969 1738 1163 1815 dispensanda
1200 1738 1229 1797 in
1266 1742 1426 1801 subsidium

238 1840 467 1901 christicolarum
491 1838 746 1898 transmarinarum
769 1838 900 1914 parcium
922 1839 972 1915 qui
1001 1842 1038 1899 ab
1065 1839 1227 1899 infidelibus
1260 1841 1427 1918 affliguntur

239 1941 395 2001 crudeliter
416 1925 491 2001 sicut
512 1941 599 1999 habet
623 1938 725 1997 infesta
753 1937 908 1996 multorum
942 1940 1059 2014 relacio,
1091 1927 1220 2000 fideliter
1244 1942 1426 2020 colligantur,

239 2044 411 2105 discrecioni
433 2053 528 2102 vestre
551 2037 666 2118 petendi
689 2049 717 2098 at
739 2038 894 2115 recipiendi
917 2042 1018 2101 eadem
1040 2042 1136 2122 legata
1158 2063 1210 2120 per
1228 2063 1427 2122 quascumque

239 2158 298 2205 tom
322 2141 532 2204 ecclesiasticas
553 2131 640 2220 quam
663 2141 808 2201 seculares
843 2161 982 2218 personas
1010 2143 1096 2213 lacta,
1125 2162 1235 2221 uosque
1267 2163 1355 2223 super
1387 2147 1428 2207 eis

240 2244 421 2317 informandi,
443 2246 608 2313 summarie,
637 2242 805 2326 simplicitas
837 2252 865 2301 et
897 2244 933 2300 de
966 2245 1063 2320 plano,
1095 2245 1211 2320 plenam
1243 2247 1428 2307 concedimus

240 2368 333 2426 usque
356 2347 392 2410 ad
415 2356 543 2405 nostrum
566 2343 787 2422 beneplacitum!
801 2352 900 2402 tenore
916 2345 1098 2421 presencium
1109 2345 1285 2405 facultatem.
1319 2348 1428 2407 Datum

241 2449 389 2508 Auinione
412 2446 467 2522 iiij.
490 2445 593 2506 Nonas
616 2445 743 2521 Augusti
768 2445 953 2520 pontificatus
972 2445 1060 2503 nostri
1079 2448 1167 2504 Anno
1185 2446 1266 2522 sibja

327 2548 458 2625 Quarum
481 2546 654 2606 auctoritate
684 2545 748 2635 Egp
778 2545 883 2604 Petrus
917 2544 1053 2605 Geruasii
1087 2546 1233 2623 predictus
1264 2549 1361 2627 recepi
1394 2551 1430 2610 do

246 2645 364 2728 Legatis
385 2648 468 2709 factis
490 2648 518 2705 in
538 2645 698 2707 subsidium
719 2658 794 2706 terre
815 2656 915 2705 sancte
937 2648 1076 2723 pecunias
1099 2648 1304 2725 infrascriptae.

330 2855 418 2911 Auno
441 2851 489 2910 dni
513 2859 563 2908 .m⁰.
586 2859 650 2910 cccl
671 2849 766 2925 xxxij‘!
788 2850 833 2907 die
853 2869 911 2907 ,η
925 2849 1033 2910 Mensis
1054 2833 1145 2927 Julij‚'
1158 2852 1268 2930 Recepi
1290 2873 1308 2911 a
1331 2875 1431 2932 parro-

248 2955 356 3015 chianis
379 2953 498 3013 ecclesie
521 2953 549 3011 in
570 2952 756 3031 Pyllewerim
780 2953 977 3013 sleswicensis
999 2952 1122 3012 diocesis
1152 2954 1196 3010 de.
1215 2952 1317 3031 legatis
1349 2956 1432 3017 lactis

241 3034 276 3113 'in
299 3054 458 3114 subsidium
481 3065 556 3113 terre
578 3063 677 3113 sancte
695 3074 746 3131 per
758 3053 938 3111 discedentes
952 3054 1159 3130 parrochianos
1171 3055 1299 3114 eiusdem
1311 3057 1432 3121 ecclesie

248 3180 291 3194 -·
312 3176 369 3214 .xx.
396 3155 460 3215 libr.
474 3154 476 3159 ’
490 3155 701 3232 sterlingorum.
757 3155 877 3214 Nullam
911 3164 1007 3213 tamen
1041 3154 1171 3215 fecerunt
1202 3156 1347 3216 racionem
1380 3178 1433 3236 per

249 3276 322 3335 quas
344 3277 481 3336 personas
502 3258 664 3318 huiusmodi
687 3256 785 3333 legata
806 3255 882 3314 lacta
905 3254 1029 3313 fuerunt.

578 3339 582 3345 ’
684 3358 857 3417 Habuerunt
877 3355 998 3416 litteras.

335 3558 408 3619 Item
430 3579 506 3619 anno
529 3560 576 3618 dr‘ri
600 3567 650 3616 ml
672 3567 735 3617 cccl
757 3560 872 3637 xxxiiijt
894 3559 940 3618 die
963 3559 1022 3635 ,iiijt
1044 3561 1148 3620 mensis
1171 3561 1291 3636 Aprilis.
1325 3564 1436 3641 Recepi

251 3663 289 3720 ab
310 3656 464 3721 heredibus
486 3661 685 3739 Hyldcbrandi
708 3661 940 3738 Bryniamestero
963 3662 1071 3719 dudum
1095 3662 1166 3721 ciuis
1189 3663 1350 3722 Lundansis
1383 3684 1436 3742 pro

250 3762 348 3840 legato
369 3763 397 3821 in
421 3756 578 3821 subsidium
601 3775 676 3820 terra
698 3773 797 3821 sancte
826 3763 902 3822 lacto
933 3782 984 3839 per
1015 3764 1108 3840 ipsum
1142 3763 1373 3826 Hildebraudum
1399 3793 1434 3804 -

252 3862 360 3940 .xxviij.
382 3864 434 3923 sol.
457 3880 548 3941 gross.
570 3863 681 3922 Turon.

339 3966 365 4043 .j.
389 3965 510 4024 frustum
532 3966 594 4023 auri
617 3964 751 4043 ponderis
775 3964 842 4043 .viij.
863 3965 1046 4025 florenorum.

734 4188 792 4226 .xx.
815 4167 878 4227 libr.
902 4168 1113 4246 sterlingorum.

255 4248 323 4329 [up-l
356 4250 476 4313 Summa
497 4252 582 4311 huius
602 4252 707 4329 pagine
734 4252 842 4328 axviij.
861 4252 913 4311 sol.
934 4272 1026 4328 gross.
1049 4245 1270 4333 Turonensium.

275 4356 278 4361 ·
734 4337 759 4412 j.
781 4337 903 4396 frustum
925 4339 989 4396 auri
1011 4336 1146 4414 ponderis
1168 4335 1233 4411 eiij.
1255 4336 1440 4395 florenorum.
