3584 5625
878 482 937 540 110

312 666 387 725 mine
409 667 459 726 d‘ni
480 686 556 743 pape
577 666 686 728 eteius
708 687 821 728 camere
841 689 876 730 ec
898 672 1029 731 Romane
1052 671 1172 731 ecclesie
1193 672 1318 749 receptis
1347 680 1378 731 et
1408 690 1499 748 supra

282 784 289 797 ·
313 771 486 847 computatis
509 781 537 832 et
564 774 602 832 ad
630 790 745 851 grossos
778 773 962 832 Turonenses
992 774 1120 834 reductis
1153 781 1182 831 at
1213 773 1330 832 tandem
1362 773 1392 831 in
1424 761 1512 832 anro‘

314 874 505 948 commutatis,
527 876 672 950 assignaui
694 884 724 934 et
744 874 884 951 assignari
905 875 959 934 ieci
981 876 1072 934 eidem
1096 894 1209 935 camere
1232 875 1281 933 dr‘ri
1309 876 1400 936 nostri
1421 893 1500 952 pape

314 977 487 1051 quantitates
509 986 538 1036 et
559 997 685 1038 summas
707 976 770 1036 auri
791 976 986 1053 infrascriptae
1009 987 1038 1037 et
1059 977 1153 1055 primo
1183 978 1218 1036 de
1251 997 1340 1037 censu
1373 976 1502 1037 ecclesie

251 1105 259 1122 .
313 1076 444 1138 Romane
464 1078 493 1138 in
515 1080 653 1157 predictis
674 1078 782 1156 Regnis
804 1086 932 1155 recepto.
1391 1076 1393 1080 ’

397 1282 486 1340 Anno
507 1282 557 1340 dni
580 1288 631 1342 ‚mt
652 1289 716 1342 cccl
737 1280 852 1356 xxxiiij‘!
874 1282 920 1340 die
942 1280 1032 1356 ,ιίἰῇἱΙ
1052 1281 1157 1341 mensis
1177 1281 1258 1357 Julij.
1281 1280 1429 1356 assignari
1452 1300 1503 1341 ca·

315 1399 392 1439 mere
414 1383 463 1440 dni
484 1385 574 1443 nostri
595 1403 670 1461 pape
692 1403 744 1460 per
765 1402 867 1442 manus
889 1383 937 1441 dni
959 1383 1053 1441 fratris
1065 1383 1167 1459 Esgilli
1179 1383 1317 1460 Episcopi
1333 1382 1505 1442 Arosiensis

316 1510 356 1519 -
378 1503 429 1543 cc.
452 1486 551 1545 floren.
573 1486 644 1545 auri.
668 1494 779 1562 emptos
799 1487 836 1545 ab
858 1485 960 1544 eodem
981 1505 1034 1561 pro
1057 1485 1119 1544 .‘ccl.
1141 1504 1229 1543 marc.
1248 1484 1312 1542 den.
1326 1482 1505 1544 Sueuornm.

399 1586 474 1645 Item
495 1608 571 1648 anno
593 1606 651 1665 quo
673 1608 762 1665 supra
783 1588 829 1646 die
858 1593 958 1646 ΜΨ·
976 1587 1080 1646 mensis
1101 1586 1229 1663 Augusti
1261 1586 1325 1662 Ego
1353 1587 1505 1662 predictus

315 1686 421 1747 Petrus
443 1687 577 1765 Geruasij
601 1691 760 1767 apostolice
781 1690 856 1749 sedis
877 1689 1000 1749 nuncius
1021 1689 1212 1766 personaliter
1233 1688 1380 1764 assignaui
1408 1687 1504 1746 eidem

316 1808 430 1849 camere
450 1791 485 1849 de
506 1791 583 1850 dicto
606 1812 694 1851 censu
715 1820 756 1831 -·
779 1812 855 1851 mxv.
898 1792 1075 1851 Parisienses
1096 1791 1168 1850 auri.
1192 1799 1303 1876 emptos
1322 1809 1377 1867 pro
1389 1788 1425 1864 ij.
1436 1790 1505 1848 libr.

317 1900 346 1949 et
366 1891 484 1951 dimidia
506 1912 598 1969 gross.
621 1895 843 1954 Turonensium.
874 1903 1041 1972 computato
1060 1893 1190 1972 quolibet
1207 1890 1366 1951 Perisiensi
1386 1910 1441 1968 pro
1464 1890 1504 1966 .ij.

317 1992 368 2052 sol.
390 2013 480 2070 gross.
503 1996 726 2057 Turonensium.

399 2098 474 2156 Item
496 2099 650 2175 assignaui'
663 2099 699 2156 de
721 2099 821 2158 eodem
845 2119 932 2159 censu
955 2129 994 2138 -
1018 2099 1069 2175 .va
1090 2096 1184 2173 lxiiijr
1195 2096 1293 2155 floren.
1306 2094 1377 2154 auri.
1389 2103 1504 2172 emptos

316 2219 369 2277 pro
393 2197 502 2276 mxxiij.
524 2201 589 2260 libr.
612 2210 642 2259 et
662 2202 732 2278 .riij⁰.r
744 2204 796 2262 sol.
817 2221 907 2277 gross.
931 2201 1153 2261 Turonensium.
1171 2197 1366 2275 computando
1379 2195 1503 2274 quemli-

317 2302 366 2360 bet
385 2303 524 2361 florenum
545 2322 599 2380 pro
622 2303 679 2377 aij.
701 2305 765 2362 den.
787 2322 877 2381 gross.
900 2304 1122 2364 Turonensium.

400 2405 474 2463 Item
486 2404 632 2481 assignari
643 2405 678 2463 de
695 2407 796 2464 eodem
812 2425 899 2466 censu
910 2427 963 2483 per
974 2426 1019 2464 me
1030 2413 1162 2481 receptos
1178 2432 1212 2441 -
1226 2400 1282 2478 dxj.
1294 2402 1418 2459 florenos
1431 2398 1504 2457 euri.

399 2508 474 2565 Item
494 2507 638 2583 assignaui
660 2507 696 2565 de
718 2508 819 2567 eodem
842 2528 931 2568 censu
957 2535 991 2547 -·
1014 2507 1063 2583 .va
1085 2505 1156 2581 lxvj.
1177 2504 1305 2581 Regales
1327 2502 1399 2560 auri.
1421 2519 1503 2576 emp·

317 2615 362 2665 tos
384 2627 436 2684 pro
458 2607 516 2683 adj.
538 2609 602 2668 libr.
624 2607 673 2682 xij.
694 2609 746 2668 sol.
769 2619 797 2668 et
819 2610 864 2686 .vj.
887 2605 1291 2686 dengrossTuronensium.
1305 2601 1503 2679 computando

326 2710 483 2786 quemlibet
502 2711 642 2786 Regulam
663 2729 717 2787 pro
740 2730 797 2769 αν.
818 2731 909 2788 gross.
931 2712 1041 2770 Turon.
1064 2707 1184 2785 argenti.

223 2827 257 2867 ru.
271 2821 322 2867 ran.
407 2814 481 2872 Item
503 2812 649 2889 assignaui
673 2808 774 2885 [euclem
804 2809 856 2886 dic]
890 2834 944 2891 ego
974 2815 1080 2872 Petrus
1102 2808 1236 2885 Geruesij
1259 2806 1384 2866 nuncius
1404 2825 1505 2884 supra·

321 2915 415 2973 dictus
436 2915 472 2973 de
493 2913 632 2973 lructibus
653 2915 857 2974 beneficiorum
878 2915 1050 2974 vacancium
1083 2934 1135 2992 per
1167 2911 1338 2970 Triennium
1371 2917 1400 2966 et
1432 2908 1506 2966 alias
1544 2959 1546 2961 .

319 3035 372 3093 per
393 3015 546 3074 Biennium
567 3016 596 3073 in
617 3017 734 3091 Regnis‚
757 3017 861 3079 Suecie
884 3016 977 3078 Gocie
999 3026 1028 3075 et
1047 3014 1206 3090 Norwegie
1228 3041 1268 3051 -
1301 3029 1346 3068 m.
1381 3009 1424 3085 vjt
1445 3008 1506 3084 xlij.

320 3117 446 3193 Regales
467 3116 540 3175 auri.
561 3126 672 3193 emptos
693 3138 745 3195 pro
768 3119 822 3195 eij.
844 3121 908 3178 libr.
929 3119 979 3194 xij.
1001 3118 1052 3178 sol.
1075 3126 1104 3175 et
1126 3115 1172 3192 .vj.
1194 3116 1259 3173 den.
1278 3131 1370 3189 gross.
1390 3112 1506 3170 Turon-

321 3219 440 3278 ensium.
463 3219 657 3294 computando
679 3220 836 3295 quemlibet
856 3221 997 3297 Regulam
1018 3239 1071 3297 pro
1094 3237 1151 3276 ‚xm
1172 3236 1263 3294 gross.
1276 3214 1506 3273 Turonensibus.

406 3322 480 3380 Item
501 3320 646 3398 essignaui
671 3345 705 3358 -
730 3321 824 3397 clxxj.
846 3323 944 3382 floren.
968 3322 1031 3380 auri

730 3421 756 3498 .j.
779 3423 920 3500 Regalem
941 3424 1006 3483 auri

730 3523 767 3600 .ij.
790 3526 894 3601 Agnos
915 3527 979 3585 auri

272 3687 276 3696 ,
323 3632 455 3700 receptos
476 3643 529 3701 per
549 3643 595 3682 me
616 3624 652 3682 de
671 3624 778 3683 eisdem
799 3626 949 3686 fructibus.

407 3725 481 3783 Item
503 3725 649 3801 assignaui
671 3725 706 3783 de
728 3727 834 3786 eisdem
855 3728 996 3788 fructibus
1021 3755 1056 3765 -
1081 3724 1149 3801 .xiij.
1169 3726 1267 3784 floren.
1293 3720 1365 3780 auri.
1394 3729 1507 3798 emptos

324 3847 386 3907 pro.
408 3827 475 3903 aiij.
497 3827 550 3886 sol.
572 3846 662 3903 gross.
685 3826 906 3889 Turonensium.
928 3829 1072 3889 videlicet.
1094 3826 1251 3904 quemlibet
1271 3845 1325 3902 pro
1358 3823 1414 3900 .xij.
1443 3823 1507 3884 den.

324 3949 414 4006 gross.
436 3928 658 3987 Turonensium.

409 4030 484 4088 Item
507 4023 613 4103 [eadem
643 4025 696 4096 die]
718 4029 864 4107 assignaui
886 4051 941 4108 ego
962 4031 1110 4110 predictus
1131 4030 1236 4088 Petrus
1258 4026 1395 4088 Geruasii
1431 4025 1509 4085 sedis

301 4194 304 4199 ,
327 4133 485 4210 apostolice
505 4133 640 4192 Nuncius
662 4132 698 4190 de
721 4134 818 4191 oblato
839 4134 967 4193 subsidio
984 4134 1013 4192 in
1024 4132 1134 4209 Regnis
1147 4131 1284 4208 predictis
1295 4129 1400 4190 Suecie
1413 4127 1509 4188 Gonia

325 4244 355 4295 et
374 4235 532 4311 Norwegie
552 4264 595 4274 —
612 4234 674 4311 iiij‘.
695 4234 743 4311 lvj.
762 4237 888 4312 Regales
910 4237 984 4295 auri.
1017 4243 1130 4311 emptos
1160 4253 1214 4310 pro
1245 4230 1353 4307 xxviij.
1381 4230 1446 4289 libr.
1481 4238 1510 4288 et

325 4316 444 4399 dimidia
463 4355 554 4414 gross.
578 4337 799 4396 Turonensium.
822 4338 1017 4415 computando
1039 4335 1197 4413 quemlibet
1217 4335 1357 4410 Regelem
1378 4350 1432 4410 pro
1451 4350 1509 4390 .xv.

326 4460 417 4520 grass.
439 4433 683 4497 Turonensibus1.

410 4544 484 4601 Item
507 4536 609 4613 [eadem
640 4533 692 4609 die]
715 4542 859 4618 assignaui
882 4561 938 4618 ego
959 4540 1064 4599 Petrus
1086 4537 1222 4614 Geruasij
1242 4537 1376 4597 Nuncius
1398 4556 1507 4597 memo·

326 4654 407 4706 ratus
429 4646 465 4704 de
487 4647 590 4722 legatis
609 4627 692 4704 lactis
713 4645 742 4703 in
764 4645 923 4705 subsidium
944 4653 1019 4702 terre
1030 4651 1128 4702 sancte
1138 4641 1168 4699 in
1181 4640 1264 4699 dictis
1274 4639 1392 4715 Regum,
1403 4638 1509 4714 Dacia,

328 4749 433 4810 Suecie
455 4757 484 4806 et
505 4747 599 4808 Gocie
625 4776 658 4786 ·-
684 4745 784 4824 .iij⁰.1j.
806 4748 932 4823 Regeles
952 4745 1023 4805 auri.
1045 4753 1157 4821 emptos
1178 4763 1231 4821 pro
1253 4741 1321 4817 .xxj.
1343 4742 1407 4800 libr.
1428 4740 1508 4816 xviij.

363 4857 444 4914 ¹Her
461 4863 552 4914 slutter
569 4865 647 4914 andet
663 4863 731 4926 Lseg.
799 4928 802 4934 .
