<?xml version="1.0" encoding="UTF-8"?>
<!DOCTYPE html PUBLIC "-//W3C//DTD XHTML 1.0 Transitional//EN"
    "http://www.w3.org/TR/xhtml1/DTD/xhtml1-transitional.dtd">
<html xmlns="http://www.w3.org/1999/xhtml" xml:lang="en" lang="en">
 <head>
  <title>
</title>
<meta http-equiv="Content-Type" content="text/html;charset=utf-8" />
  <meta name='ocr-system' content='tesseract 3.04.00' />
  <meta name='ocr-capabilities' content='ocr_page ocr_carea ocr_par ocr_line ocrx_word'/>
</head>
<body>
  <div class='ocr_page' id='page_1' title='image "./paveligenuntier00nuncgoog_0081.png"; bbox 0 0 3584 5625; ppageno 0'>
   <div class='ocr_carea' id='block_1_1' title="bbox 844 495 977 592">
    <p class='ocr_par' dir='ltr' id='par_1_1' title="bbox 844 495 977 592">
     <span class='ocr_line' id='line_1_1' title="bbox 844 495 977 592; baseline -0.008 -40"><span class='ocrx_word' id='word_1_1' title='bbox 844 496 882 592; x_wconf 67' lang='lat' dir='ltr'>bii</span> <span class='ocrx_word' id='word_1_2' title='bbox 974 495 977 502; x_wconf 88' lang='lat'>&#39;</span> 
     </span>
    </p>
   </div>
   <div class='ocr_carea' id='block_1_2' title="bbox 245 761 1532 1019">
    <p class='ocr_par' dir='ltr' id='par_1_2' title="bbox 245 761 1532 1019">
     <span class='ocr_line' id='line_1_2' title="bbox 245 761 1532 885; baseline 0.002 -22"><span class='ocrx_word' id='word_1_3' title='bbox 245 785 304 863; x_wconf 88' lang='lat' dir='ltr'>De</span> <span class='ocrx_word' id='word_1_4' title='bbox 335 783 484 863; x_wconf 82' lang='lat' dir='ltr'>denario</span> <span class='ocrx_word' id='word_1_5' title='bbox 508 761 610 861; x_wconf 40' lang='lat' dir='ltr'>&#39;beati</span> <span class='ocrx_word' id='word_1_6' title='bbox 647 781 744 860; x_wconf 86' lang='lat' dir='ltr'>Petri</span> <span class='ocrx_word' id='word_1_7' title='bbox 781 794 933 885; x_wconf 85' lang='lat' dir='ltr'>recepto</span> <span class='ocrx_word' id='word_1_8' title='bbox 970 787 1004 860; x_wconf 89' lang='lat' dir='ltr'>in</span> <span class='ocrx_word' id='word_1_9' title='bbox 1041 787 1184 862; x_wconf 76' lang='lat' dir='ltr'>ciuitate</span> <span class='ocrx_word' id='word_1_10' title='bbox 1221 796 1256 861; x_wconf 86' lang='lat' dir='ltr'>ct</span> <span class='ocrx_word' id='word_1_11' title='bbox 1293 784 1532 867; x_wconf 69' lang='lat' dir='ltr'>diocesims...</span> 
     </span>
     <span class='ocr_line' id='line_1_3' title="bbox 528 915 1155 1019; baseline -0.003 -21"><span class='ocrx_word' id='word_1_12' title='bbox 528 915 781 998; x_wconf 86' lang='lat' dir='ltr'>Lundsnsibus</span> <span class='ocrx_word' id='word_1_13' title='bbox 813 920 847 994; x_wconf 90' lang='lat' dir='ltr'>in</span> <span class='ocrx_word' id='word_1_14' title='bbox 879 941 997 1019; x_wconf 84' lang='lat' dir='ltr'>regno</span> <span class='ocrx_word' id='word_1_15' title='bbox 1029 918 1155 998; x_wconf 83' lang='lat' dir='ltr'>Dacis.</span> 
     </span>
    </p>
   </div>
   <div class='ocr_carea' id='block_1_3' title="bbox 207 1098 1434 1783">
    <p class='ocr_par' dir='ltr' id='par_1_3' title="bbox 207 1098 1434 1692">
     <span class='ocr_line' id='line_1_4' title="bbox 207 1098 1434 1179; baseline 0 -18"><span class='ocrx_word' id='word_1_16' title='bbox 207 1102 212 1108; x_wconf 84' lang='lat'>&#39;</span> <span class='ocrx_word' id='word_1_17' title='bbox 329 1101 418 1161; x_wconf 84' lang='lat' dir='ltr'>Anno</span> <span class='ocrx_word' id='word_1_18' title='bbox 440 1100 490 1160; x_wconf 83' lang='lat' dir='ltr'>dr’ri</span> <span class='ocrx_word' id='word_1_19' title='bbox 512 1107 554 1158; x_wconf 87' lang='lat' dir='ltr'>m⁰.</span> <span class='ocrx_word' id='word_1_20' title='bbox 577 1107 641 1160; x_wconf 60' lang='lat' dir='ltr'>ccci</span> <span class='ocrx_word' id='word_1_21' title='bbox 663 1098 758 1178; x_wconf 62' lang='lat' dir='ltr'>xxxiji</span> <span class='ocrx_word' id='word_1_22' title='bbox 780 1100 826 1159; x_wconf 89' lang='lat' dir='ltr'>die</span> <span class='ocrx_word' id='word_1_23' title='bbox 849 1106 930 1158; x_wconf 62' lang='lat' dir='ltr'>axi·</span> <span class='ocrx_word' id='word_1_24' title='bbox 946 1100 1051 1161; x_wconf 79' lang='lat' dir='ltr'>mensis</span> <span class='ocrx_word' id='word_1_25' title='bbox 1072 1100 1185 1177; x_wconf 84' lang='lat' dir='ltr'>Marcij.</span> <span class='ocrx_word' id='word_1_26' title='bbox 1217 1102 1314 1179; x_wconf 81' lang='lat' dir='ltr'>recepi</span> <span class='ocrx_word' id='word_1_27' title='bbox 1336 1122 1354 1159; x_wconf 84' lang='lat' dir='ltr'>a</span> <span class='ocrx_word' id='word_1_28' title='bbox 1376 1102 1434 1161; x_wconf 79' lang='lat' dir='ltr'>dr‘ro</span> 
     </span>
     <span class='ocr_line' id='line_1_5' title="bbox 244 1199 1434 1279; baseline 0 -17"><span class='ocrx_word' id='word_1_29' title='bbox 244 1199 401 1279; x_wconf 81' lang='lat' dir='ltr'>Tbrugillo</span> <span class='ocrx_word' id='word_1_30' title='bbox 421 1201 562 1262; x_wconf 88' lang='lat' dir='ltr'>canonico</span> <span class='ocrx_word' id='word_1_31' title='bbox 583 1201 731 1262; x_wconf 81' lang='lat' dir='ltr'>Lundensl</span> <span class='ocrx_word' id='word_1_32' title='bbox 755 1201 909 1261; x_wconf 82' lang='lat' dir='ltr'><strong>collectore</strong></span> <span class='ocrx_word' id='word_1_33' title='bbox 931 1221 1035 1262; x_wconf 89' lang='lat' dir='ltr'>census</span> <span class='ocrx_word' id='word_1_34' title='bbox 1056 1222 1107 1261; x_wconf 90' lang='lat' dir='ltr'>sen</span> <span class='ocrx_word' id='word_1_35' title='bbox 1130 1201 1237 1277; x_wconf 76' lang='lat' dir='ltr'>denarii</span> <span class='ocrx_word' id='word_1_36' title='bbox 1260 1202 1337 1261; x_wconf 91' lang='lat' dir='ltr'>beati</span> <span class='ocrx_word' id='word_1_37' title='bbox 1353 1203 1434 1262; x_wconf 90' lang='lat' dir='ltr'>Petri</span> 
     </span>
     <span class='ocr_line' id='line_1_6' title="bbox 244 1299 1434 1380; baseline 0.001 -18"><span class='ocrx_word' id='word_1_38' title='bbox 244 1301 274 1362; x_wconf 85' lang='lat' dir='ltr'>in</span> <span class='ocrx_word' id='word_1_39' title='bbox 295 1299 414 1364; x_wconf 77' lang='lat' dir='ltr'>ciuitate</span> <span class='ocrx_word' id='word_1_40' title='bbox 435 1310 465 1362; x_wconf 93' lang='lat' dir='ltr'>et</span> <span class='ocrx_word' id='word_1_41' title='bbox 492 1301 600 1362; x_wconf 81' lang='lat' dir='ltr'><strong>diocesi</strong></span> <span class='ocrx_word' id='word_1_42' title='bbox 629 1302 833 1362; x_wconf 87' lang='lat' dir='ltr'>Lundensibus</span> <span class='ocrx_word' id='word_1_43' title='bbox 866 1301 999 1362; x_wconf 89' lang='lat' dir='ltr'>omnibus</span> <span class='ocrx_word' id='word_1_44' title='bbox 1032 1304 1206 1380; x_wconf 88' lang='lat' dir='ltr'>computatis</span> <span class='ocrx_word' id='word_1_45' title='bbox 1239 1322 1296 1379; x_wconf 91' lang='lat' dir='ltr'>que</span> <span class='ocrx_word' id='word_1_46' title='bbox 1328 1305 1365 1361; x_wconf 91' lang='lat' dir='ltr'>ab</span> <span class='ocrx_word' id='word_1_47' title='bbox 1398 1322 1434 1363; x_wconf 91' lang='lat' dir='ltr'>eo</span> 
     </span>
     <span class='ocr_line' id='line_1_7' title="bbox 243 1396 1432 1483; baseline -0.002 -19"><span class='ocrx_word' id='word_1_48' title='bbox 243 1396 413 1483; x_wconf 72' lang='lat' dir='ltr'>receperam</span> <span class='ocrx_word' id='word_1_49' title='bbox 431 1422 525 1482; x_wconf 89' lang='lat' dir='ltr'>usque</span> <span class='ocrx_word' id='word_1_50' title='bbox 546 1403 674 1463; x_wconf 90' lang='lat' dir='ltr'>in-diem</span> <span class='ocrx_word' id='word_1_51' title='bbox 696 1410 858 1479; x_wconf 80' lang='lat' dir='ltr'>presentem</span> <span class='ocrx_word' id='word_1_52' title='bbox 880 1421 934 1479; x_wconf 91' lang='lat' dir='ltr'>pro</span> <span class='ocrx_word' id='word_1_53' title='bbox 955 1404 1048 1463; x_wconf 89' lang='lat' dir='ltr'>tribus</span> <span class='ocrx_word' id='word_1_54' title='bbox 1074 1402 1157 1463; x_wconf 87' lang='lat' dir='ltr'>annis</span> <span class='ocrx_word' id='word_1_55' title='bbox 1188 1404 1294 1481; x_wconf 84' lang='lat' dir='ltr'>quibus</span> <span class='ocrx_word' id='word_1_56' title='bbox 1325 1402 1432 1462; x_wconf 90' lang='lat' dir='ltr'>dictum</span> 
     </span>
     <span class='ocr_line' id='line_1_8' title="bbox 245 1490 1434 1583; baseline -0.001 -18"><span class='ocrx_word' id='word_1_57' title='bbox 245 1523 365 1568; x_wconf 83' lang='lat' dir='ltr'>censum</span> <span class='ocrx_word' id='word_1_58' title='bbox 397 1524 448 1566; x_wconf 85' lang='lat' dir='ltr'>seu</span> <span class='ocrx_word' id='word_1_59' title='bbox 482 1490 632 1565; x_wconf 79' lang='lat' dir='ltr'>denarium</span> <span class='ocrx_word' id='word_1_60' title='bbox 664 1502 737 1563; x_wconf 84' lang='lat' dir='ltr'>dixit</span> <span class='ocrx_word' id='word_1_61' title='bbox 768 1522 799 1562; x_wconf 90' lang='lat' dir='ltr'>se</span> <span class='ocrx_word' id='word_1_62' title='bbox 830 1502 980 1581; x_wconf 79' lang='lat' dir='ltr'>collegisse</span> <span class='ocrx_word' id='word_1_63' title='bbox 1009 1534 1049 1544; x_wconf 92' lang='lat'>—</span> <span class='ocrx_word' id='word_1_64' title='bbox 1080 1504 1179 1583; x_wconf 80' lang='lat' dir='ltr'>lxxiij.</span> <span class='ocrx_word' id='word_1_65' title='bbox 1202 1506 1343 1564; x_wconf 87' lang='lat' dir='ltr'>marchas.</span> <span class='ocrx_word' id='word_1_66' title='bbox 1368 1523 1434 1564; x_wconf 88' lang='lat' dir='ltr'>cum</span> 
     </span>
     <span class='ocr_line' id='line_1_9' title="bbox 245 1591 993 1692; baseline -0.003 -27"><span class='ocrx_word' id='word_1_67' title='bbox 245 1603 373 1667; x_wconf 81' lang='lat' dir='ltr'>dimidia</span> <span class='ocrx_word' id='word_1_68' title='bbox 395 1614 425 1665; x_wconf 92' lang='lat' dir='ltr'>et</span> <span class='ocrx_word' id='word_1_69' title='bbox 446 1604 502 1684; x_wconf 74' lang='lat' dir='ltr'>xij.</span> <span class='ocrx_word' id='word_1_70' title='bbox 526 1605 660 1692; x_wconf 85' lang='lat' dir='ltr'>denarios</span> <span class='ocrx_word' id='word_1_71' title='bbox 682 1612 796 1664; x_wconf 85' lang='lat' dir='ltr'>monete</span> <span class='ocrx_word' id='word_1_72' title='bbox 815 1591 993 1665; x_wconf 61' lang='lat' dir='ltr'>&#39;scaniensis</span> 
     </span>
    </p>

    <p class='ocr_par' dir='ltr' id='par_1_4' title="bbox 548 1704 1134 1783">
     <span class='ocr_line' id='line_1_10' title="bbox 548 1704 1134 1783; baseline 0 -16"><span class='ocrx_word' id='word_1_73' title='bbox 548 1706 671 1783; x_wconf 80' lang='lat' dir='ltr'>Recepit</span> <span class='ocrx_word' id='word_1_74' title='bbox 692 1705 918 1781; x_wconf 88' lang='lat' dir='ltr'>jnstrumentum</span> <span class='ocrx_word' id='word_1_75' title='bbox 942 1704 981 1767; x_wconf 80' lang='lat' dir='ltr'>G.</span> <span class='ocrx_word' id='word_1_76' title='bbox 1002 1705 1134 1767; x_wconf 88' lang='lat' dir='ltr'>Blanchi.</span> 
     </span>
    </p>
   </div>
   <div class='ocr_carea' id='block_1_4' title="bbox 246 1884 1436 2291">
    <p class='ocr_par' dir='ltr' id='par_1_5' title="bbox 246 1884 1436 2191">
     <span class='ocr_line' id='line_1_11' title="bbox 330 1884 1436 1987; baseline 0 -18"><span class='ocrx_word' id='word_1_77' title='bbox 330 1905 407 1970; x_wconf 86' lang='lat' dir='ltr'>ltem</span> <span class='ocrx_word' id='word_1_78' title='bbox 426 1926 502 1970; x_wconf 88' lang='lat' dir='ltr'>anno</span> <span class='ocrx_word' id='word_1_79' title='bbox 525 1908 575 1968; x_wconf 80' lang='lat' dir='ltr'>dni</span> <span class='ocrx_word' id='word_1_80' title='bbox 598 1918 649 1968; x_wconf 64' lang='lat' dir='ltr'>mc</span> <span class='ocrx_word' id='word_1_81' title='bbox 671 1917 735 1970; x_wconf 69' lang='lat' dir='ltr'>ccci</span> <span class='ocrx_word' id='word_1_82' title='bbox 772 1907 877 1987; x_wconf 64' lang='lat' dir='ltr'>xxxiiii¹</span> <span class='ocrx_word' id='word_1_83' title='bbox 914 1910 960 1968; x_wconf 90' lang='lat' dir='ltr'>die</span> <span class='ocrx_word' id='word_1_84' title='bbox 994 1909 1040 1987; x_wconf 88' lang='lat' dir='ltr'><strong>.vj.</strong></span> <span class='ocrx_word' id='word_1_85' title='bbox 1075 1908 1255 1969; x_wconf 83' lang='lat' dir='ltr'>Decembris.</span> <span class='ocrx_word' id='word_1_86' title='bbox 1288 1884 1392 1987; x_wconf 86' lang='lat' dir='ltr'>recepi¹</span> <span class='ocrx_word' id='word_1_87' title='bbox 1417 1929 1436 1969; x_wconf 90' lang='lat' dir='ltr'>a</span> 
     </span>
     <span class='ocr_line' id='line_1_12' title="bbox 246 2008 1434 2088; baseline 0.001 -18"><span class='ocrx_word' id='word_1_88' title='bbox 246 2010 377 2088; x_wconf 89' lang='lat' dir='ltr'>predicto</span> <span class='ocrx_word' id='word_1_89' title='bbox 399 2009 623 2088; x_wconf 76' lang='lat' dir='ltr'>dfroThrugillo</span> <span class='ocrx_word' id='word_1_90' title='bbox 644 2010 762 2070; x_wconf 85' lang='lat' dir='ltr'>racione</span> <span class='ocrx_word' id='word_1_91' title='bbox 784 2011 853 2070; x_wconf 89' lang='lat' dir='ltr'>dicti</span> <span class='ocrx_word' id='word_1_92' title='bbox 875 2029 978 2071; x_wconf 87' lang='lat' dir='ltr'>census</span> <span class='ocrx_word' id='word_1_93' title='bbox 1001 2008 1115 2070; x_wconf 78' lang='lat' dir='ltr'>collecti</span> <span class='ocrx_word' id='word_1_94' title='bbox 1136 2028 1189 2085; x_wconf 89' lang='lat' dir='ltr'>per</span> <span class='ocrx_word' id='word_1_95' title='bbox 1210 2028 1275 2069; x_wconf 90' lang='lat' dir='ltr'>eum</span> <span class='ocrx_word' id='word_1_96' title='bbox 1297 2011 1434 2087; x_wconf 87' lang='lat' dir='ltr'>produc·</span> 
     </span>
     <span class='ocr_line' id='line_1_13' title="bbox 247 2109 1435 2191; baseline -0.002 -20"><span class='ocrx_word' id='word_1_97' title='bbox 247 2113 302 2172; x_wconf 90' lang='lat' dir='ltr'>bus</span> <span class='ocrx_word' id='word_1_98' title='bbox 323 2109 406 2173; x_wconf 85' lang='lat' dir='ltr'>anuis</span> <span class='ocrx_word' id='word_1_99' title='bbox 426 2111 558 2191; x_wconf 84' lang='lat' dir='ltr'>proxime</span> <span class='ocrx_word' id='word_1_100' title='bbox 580 2111 723 2190; x_wconf 87' lang='lat' dir='ltr'>preteritis</span> <span class='ocrx_word' id='word_1_101' title='bbox 746 2140 784 2151; x_wconf 96' lang='lat'>-</span> <span class='ocrx_word' id='word_1_102' title='bbox 807 2111 895 2189; x_wconf 76' lang='lat' dir='ltr'>xlvij.</span> <span class='ocrx_word' id='word_1_103' title='bbox 916 2111 1024 2174; x_wconf 89' lang='lat' dir='ltr'>solidos</span> <span class='ocrx_word' id='word_1_104' title='bbox 1034 2128 1200 2189; x_wconf 83' lang='lat' dir='ltr'>grossorum</span> <span class='ocrx_word' id='word_1_105' title='bbox 1211 2111 1435 2171; x_wconf 83' lang='lat' dir='ltr'>Turonenslnm.</span> 
     </span>
    </p>

    <p class='ocr_par' dir='ltr' id='par_1_6' title="bbox 566 2210 1112 2291">
     <span class='ocr_line' id='line_1_14' title="bbox 566 2210 1112 2291; baseline -0.002 -19"><span class='ocrx_word' id='word_1_106' title='bbox 566 2212 690 2291; x_wconf 88' lang='lat' dir='ltr'>Recepit</span> <span class='ocrx_word' id='word_1_107' title='bbox 704 2210 932 2289; x_wconf 88' lang='lat' dir='ltr'>jostrumentum</span> <span class='ocrx_word' id='word_1_108' title='bbox 952 2213 1112 2273; x_wconf 87' lang='lat' dir='ltr'>Johaones.</span> 
     </span>
    </p>
   </div>
   <div class='ocr_carea' id='block_1_5' title="bbox 226 2397 1437 2782">
    <p class='ocr_par' dir='ltr' id='par_1_7' title="bbox 226 2397 1437 2782">
     <span class='ocr_line' id='line_1_15' title="bbox 330 2397 1435 2478; baseline -0.002 -17"><span class='ocrx_word' id='word_1_109' title='bbox 330 2398 487 2462; x_wconf 80' lang='lat' dir='ltr'>Sciendum</span> <span class='ocrx_word' id='word_1_110' title='bbox 510 2408 553 2459; x_wconf 90' lang='lat' dir='ltr'>est</span> <span class='ocrx_word' id='word_1_111' title='bbox 574 2400 654 2478; x_wconf 91' lang='lat' dir='ltr'>quod</span> <span class='ocrx_word' id='word_1_112' title='bbox 675 2419 712 2459; x_wconf 91' lang='lat' dir='ltr'>.x.</span> <span class='ocrx_word' id='word_1_113' title='bbox 736 2399 846 2459; x_wconf 86' lang='lat' dir='ltr'>denarii</span> <span class='ocrx_word' id='word_1_114' title='bbox 868 2408 982 2459; x_wconf 89' lang='lat' dir='ltr'>monete</span> <span class='ocrx_word' id='word_1_115' title='bbox 999 2398 1163 2460; x_wconf 77' lang='lat' dir='ltr'>scaniensis</span> <span class='ocrx_word' id='word_1_116' title='bbox 1183 2398 1293 2476; x_wconf 84' lang='lat' dir='ltr'>iaciunt</span> <span class='ocrx_word' id='word_1_117' title='bbox 1312 2397 1435 2458; x_wconf 89' lang='lat' dir='ltr'>solidum</span> 
     </span>
     <span class='ocr_line' id='line_1_16' title="bbox 248 2500 1437 2579; baseline -0.001 -18"><span class='ocrx_word' id='word_1_118' title='bbox 248 2510 277 2561; x_wconf 92' lang='lat' dir='ltr'>et</span> <span class='ocrx_word' id='word_1_119' title='bbox 298 2500 344 2579; x_wconf 71' lang='lat' dir='ltr'>iij.</span> <span class='ocrx_word' id='word_1_120' title='bbox 365 2500 449 2562; x_wconf 86' lang='lat' dir='ltr'>solidi</span> <span class='ocrx_word' id='word_1_121' title='bbox 470 2500 580 2561; x_wconf 88' lang='lat' dir='ltr'>iaciunt</span> <span class='ocrx_word' id='word_1_122' title='bbox 608 2519 695 2561; x_wconf 89' lang='lat' dir='ltr'>vnam</span> <span class='ocrx_word' id='word_1_123' title='bbox 723 2519 813 2561; x_wconf 88' lang='lat' dir='ltr'>oram.</span> <span class='ocrx_word' id='word_1_124' title='bbox 846 2510 875 2560; x_wconf 90' lang='lat' dir='ltr'>at</span> <span class='ocrx_word' id='word_1_125' title='bbox 907 2500 973 2577; x_wconf 70' lang='lat' dir='ltr'>.viip</span> <span class='ocrx_word' id='word_1_126' title='bbox 1006 2519 1055 2560; x_wconf 90' lang='lat' dir='ltr'>ore</span> <span class='ocrx_word' id='word_1_127' title='bbox 1087 2500 1196 2560; x_wconf 87' lang='lat' dir='ltr'>iaciunt</span> <span class='ocrx_word' id='word_1_128' title='bbox 1228 2500 1375 2559; x_wconf 88' lang='lat' dir='ltr'>marcham</span> <span class='ocrx_word' id='word_1_129' title='bbox 1408 2509 1437 2560; x_wconf 94' lang='lat' dir='ltr'>et</span> 
     </span>
     <span class='ocr_line' id='line_1_17' title="bbox 226 2599 1436 2691; baseline -0.001 -29"><span class='ocrx_word' id='word_1_130' title='bbox 226 2602 366 2691; x_wconf 24' lang='lat' dir='ltr'>‘marcha</span> <span class='ocrx_word' id='word_1_131' title='bbox 386 2602 465 2663; x_wconf 80' lang='lat' dir='ltr'>valet</span> <span class='ocrx_word' id='word_1_132' title='bbox 484 2599 609 2662; x_wconf 89' lang='lat' dir='ltr'>solidum</span> <span class='ocrx_word' id='word_1_133' title='bbox 631 2619 798 2681; x_wconf 81' lang='lat' dir='ltr'>grossorum</span> <span class='ocrx_word' id='word_1_134' title='bbox 820 2602 1035 2663; x_wconf 83' lang='lat' dir='ltr'>Turonensium</span> <span class='ocrx_word' id='word_1_135' title='bbox 1066 2601 1129 2662; x_wconf 93' lang='lat' dir='ltr'>sine</span> <span class='ocrx_word' id='word_1_136' title='bbox 1152 2599 1198 2677; x_wconf 83' lang='lat' dir='ltr'>iij.</span> <span class='ocrx_word' id='word_1_137' title='bbox 1228 2601 1336 2662; x_wconf 87' lang='lat' dir='ltr'>solidos</span> <span class='ocrx_word' id='word_1_138' title='bbox 1364 2611 1436 2690; x_wconf 81' lang='lat' dir='ltr'>ster·</span> 
     </span>
     <span class='ocr_line' id='line_1_18' title="bbox 249 2703 402 2782; baseline 0.02 -20"><span class='ocrx_word' id='word_1_139' title='bbox 249 2703 402 2782; x_wconf 76' lang='lat' dir='ltr'>lingonum.</span> 
     </span>
    </p>
   </div>
   <div class='ocr_carea' id='block_1_6' title="bbox 251 2814 1437 3122">
    <p class='ocr_par' dir='ltr' id='par_1_8' title="bbox 251 2814 1437 3122">
     <span class='ocr_line' id='line_1_19' title="bbox 730 2814 1437 2951; baseline 0.001 -19"><span class='ocrx_word' id='word_1_140' title='bbox 730 2873 829 2950; x_wconf 84' lang='lat' dir='ltr'>lxxiij.</span> <span class='ocrx_word' id='word_1_141' title='bbox 852 2814 969 2934; x_wconf 77' lang='lat' dir='ltr'>marchb</span> <span class='ocrx_word' id='word_1_142' title='bbox 990 2893 1056 2934; x_wconf 91' lang='lat' dir='ltr'>cum</span> <span class='ocrx_word' id='word_1_143' title='bbox 1072 2874 1197 2934; x_wconf 80' lang='lat' dir='ltr'>dimidia</span> <span class='ocrx_word' id='word_1_144' title='bbox 1214 2883 1243 2934; x_wconf 89' lang='lat' dir='ltr'>et</span> <span class='ocrx_word' id='word_1_145' title='bbox 1258 2873 1316 2951; x_wconf 74' lang='lat' dir='ltr'>xij.</span> <span class='ocrx_word' id='word_1_146' title='bbox 1326 2874 1437 2934; x_wconf 86' lang='lat' dir='ltr'>denarii</span> 
     </span>
     <span class='ocr_line' id='line_1_20' title="bbox 251 2954 1080 3038; baseline -0.004 -15"><span class='ocrx_word' id='word_1_147' title='bbox 251 2954 317 3037; x_wconf 74' lang='lat' dir='ltr'>[op]</span> <span class='ocrx_word' id='word_1_148' title='bbox 349 2960 471 3023; x_wconf 89' lang='lat' dir='ltr'>Summa</span> <span class='ocrx_word' id='word_1_149' title='bbox 492 2958 577 3021; x_wconf 90' lang='lat' dir='ltr'>huius</span> <span class='ocrx_word' id='word_1_150' title='bbox 598 2958 704 3038; x_wconf 82' lang='lat' dir='ltr'>pagine</span> <span class='ocrx_word' id='word_1_151' title='bbox 771 2967 886 3019; x_wconf 90' lang='lat' dir='ltr'>monete</span> <span class='ocrx_word' id='word_1_152' title='bbox 907 2958 1080 3021; x_wconf 82' lang='lat' dir='ltr'>scaniensis.</span> 
     </span>
     <span class='ocr_line' id='line_1_21' title="bbox 731 3042 1378 3122; baseline 0.002 -20"><span class='ocrx_word' id='word_1_153' title='bbox 731 3042 817 3120; x_wconf 78' lang='lat' dir='ltr'>xlvij.</span> <span class='ocrx_word' id='word_1_154' title='bbox 839 3043 947 3105; x_wconf 92' lang='lat' dir='ltr'>solidos</span> <span class='ocrx_word' id='word_1_155' title='bbox 968 3061 1134 3122; x_wconf 84' lang='lat' dir='ltr'>grossorum</span> <span class='ocrx_word' id='word_1_156' title='bbox 1156 3043 1378 3105; x_wconf 89' lang='lat' dir='ltr'>Turonensium.</span> 
     </span>
    </p>
   </div>
   <div class='ocr_carea' id='block_1_7' title="bbox 446 3534 1538 3640">
    <p class='ocr_par' dir='ltr' id='par_1_9' title="bbox 446 3534 1538 3640">
     <span class='ocr_line' id='line_1_22' title="bbox 446 3534 1538 3640; baseline 0.005 -27"><span class='ocrx_word' id='word_1_157' title='bbox 446 3534 505 3614; x_wconf 85' lang='lat' dir='ltr'>De</span> <span class='ocrx_word' id='word_1_158' title='bbox 538 3534 677 3616; x_wconf 85' lang='lat' dir='ltr'>decima</span> <span class='ocrx_word' id='word_1_159' title='bbox 711 3536 865 3617; x_wconf 88' lang='lat' dir='ltr'>collecta</span> <span class='ocrx_word' id='word_1_160' title='bbox 898 3540 932 3615; x_wconf 88' lang='lat' dir='ltr'>in</span> <span class='ocrx_word' id='word_1_161' title='bbox 964 3560 1082 3640; x_wconf 86' lang='lat' dir='ltr'>regno</span> <span class='ocrx_word' id='word_1_162' title='bbox 1114 3536 1243 3616; x_wconf 83' lang='lat' dir='ltr'>Decio.</span> <span class='ocrx_word' id='word_1_163' title='bbox 1448 3580 1538 3621; x_wconf 61' lang='lat' dir='ltr'>sias.</span> 
     </span>
    </p>
   </div>
   <div class='ocr_carea' id='block_1_8' title="bbox 199 3715 1560 4916">
    <p class='ocr_par' dir='ltr' id='par_1_10' title="bbox 199 3715 1560 4916">
     <span class='ocr_line' id='line_1_23' title="bbox 334 3715 1440 3798; baseline 0.004 -22"><span class='ocrx_word' id='word_1_164' title='bbox 334 3715 485 3780; x_wconf 82' lang='lat' dir='ltr'>dobannes</span> <span class='ocrx_word' id='word_1_165' title='bbox 506 3719 659 3798; x_wconf 86' lang='lat' dir='ltr'>episcopus</span> <span class='ocrx_word' id='word_1_166' title='bbox 681 3739 783 3781; x_wconf 90' lang='lat' dir='ltr'>seruus</span> <span class='ocrx_word' id='word_1_167' title='bbox 803 3738 953 3781; x_wconf 90' lang='lat' dir='ltr'>seruorum</span> <span class='ocrx_word' id='word_1_168' title='bbox 976 3720 1023 3779; x_wconf 91' lang='lat' dir='ltr'>dei</span> <span class='ocrx_word' id='word_1_169' title='bbox 1051 3719 1275 3780; x_wconf 87' lang='lat' dir='ltr'>Venerabilibns</span> <span class='ocrx_word' id='word_1_170' title='bbox 1304 3719 1440 3780; x_wconf 79' lang='lat' dir='ltr'>iratribus</span> 
     </span>
     <span class='ocr_line' id='line_1_24' title="bbox 250 3815 1439 3899; baseline 0.003 -21"><span class='ocrx_word' id='word_1_171' title='bbox 250 3815 365 3879; x_wconf 79' lang='lat' dir='ltr'>Karolo</span> <span class='ocrx_word' id='word_1_172' title='bbox 387 3819 606 3899; x_wconf 86' lang='lat' dir='ltr'>archiepiscopo</span> <span class='ocrx_word' id='word_1_173' title='bbox 628 3821 778 3882; x_wconf 88' lang='lat' dir='ltr'>Lundensi</span> <span class='ocrx_word' id='word_1_174' title='bbox 804 3831 833 3882; x_wconf 93' lang='lat' dir='ltr'>et</span> <span class='ocrx_word' id='word_1_175' title='bbox 861 3821 990 3881; x_wconf 86' lang='lat' dir='ltr'>Johaoni</span> <span class='ocrx_word' id='word_1_176' title='bbox 1022 3821 1159 3898; x_wconf 88' lang='lat' dir='ltr'>episcopo</span> <span class='ocrx_word' id='word_1_177' title='bbox 1190 3821 1373 3881; x_wconf 81' lang='lat' dir='ltr'>Rosluldensi</span> <span class='ocrx_word' id='word_1_178' title='bbox 1405 3841 1439 3881; x_wconf 90' lang='lat' dir='ltr'>ac</span> 
     </span>
     <span class='ocr_line' id='line_1_25' title="bbox 251 3914 1441 4001; baseline 0.003 -21"><span class='ocrx_word' id='word_1_179' title='bbox 251 3919 359 3982; x_wconf 87' lang='lat' dir='ltr'>dilecto</span> <span class='ocrx_word' id='word_1_180' title='bbox 380 3920 439 3981; x_wconf 85' lang='lat' dir='ltr'>filio</span> <span class='ocrx_word' id='word_1_181' title='bbox 459 3920 549 3981; x_wconf 87' lang='lat' dir='ltr'>Petro</span> <span class='ocrx_word' id='word_1_182' title='bbox 572 3914 707 4001; x_wconf 79' lang='lat' dir='ltr'>Geruasij</span> <span class='ocrx_word' id='word_1_183' title='bbox 730 3923 870 3984; x_wconf 88' lang='lat' dir='ltr'>canonico</span> <span class='ocrx_word' id='word_1_184' title='bbox 893 3922 1014 3982; x_wconf 89' lang='lat' dir='ltr'>ecclesie</span> <span class='ocrx_word' id='word_1_185' title='bbox 1033 3921 1126 3982; x_wconf 88' lang='lat' dir='ltr'>sancti</span> <span class='ocrx_word' id='word_1_186' title='bbox 1148 3922 1253 3999; x_wconf 80' lang='lat' dir='ltr'>Euodij</span> <span class='ocrx_word' id='word_1_187' title='bbox 1267 3923 1441 3996; x_wconf 80' lang='lat' dir='ltr'>Aniciensis,</span> 
     </span>
     <span class='ocr_line' id='line_1_26' title="bbox 251 4021 1440 4103; baseline 0.003 -21"><span class='ocrx_word' id='word_1_188' title='bbox 251 4021 411 4100; x_wconf 82' lang='lat' dir='ltr'>apostolice</span> <span class='ocrx_word' id='word_1_189' title='bbox 422 4025 499 4084; x_wconf 88' lang='lat' dir='ltr'>sedis</span> <span class='ocrx_word' id='word_1_190' title='bbox 509 4025 643 4101; x_wconf 81' lang='lat' dir='ltr'>Nuncijs,</span> <span class='ocrx_word' id='word_1_191' title='bbox 654 4024 785 4086; x_wconf 80' lang='lat' dir='ltr'>Salutem</span> <span class='ocrx_word' id='word_1_192' title='bbox 802 4033 831 4084; x_wconf 86' lang='lat' dir='ltr'>et</span> <span class='ocrx_word' id='word_1_193' title='bbox 848 4024 1037 4103; x_wconf 85' lang='lat' dir='ltr'>apostolicam</span> <span class='ocrx_word' id='word_1_194' title='bbox 1054 4024 1291 4085; x_wconf 85' lang='lat' dir='ltr'>benedictionem.</span> <span class='ocrx_word' id='word_1_195' title='bbox 1320 4025 1440 4087; x_wconf 87' lang='lat' dir='ltr'>Dudum</span> 
     </span>
     <span class='ocr_line' id='line_1_27' title="bbox 250 4123 1440 4205; baseline 0.004 -22"><span class='ocrx_word' id='word_1_196' title='bbox 250 4123 341 4184; x_wconf 87' lang='lat' dir='ltr'>ielicis</span> <span class='ocrx_word' id='word_1_197' title='bbox 361 4126 575 4186; x_wconf 86' lang='lat' dir='ltr'>recordacionis</span> <span class='ocrx_word' id='word_1_198' title='bbox 597 4125 732 4189; x_wconf 81' lang='lat' dir='ltr'>Clemens</span> <span class='ocrx_word' id='word_1_199' title='bbox 754 4146 832 4205; x_wconf 85' lang='lat' dir='ltr'>papa</span> <span class='ocrx_word' id='word_1_200' title='bbox 854 4147 889 4185; x_wconf 84' lang='lat' dir='ltr'>.v.</span> <span class='ocrx_word' id='word_1_201' title='bbox 920 4127 1106 4203; x_wconf 90' lang='lat' dir='ltr'>predecessor</span> <span class='ocrx_word' id='word_1_202' title='bbox 1134 4134 1232 4187; x_wconf 88' lang='lat' dir='ltr'>noster</span> <span class='ocrx_word' id='word_1_203' title='bbox 1263 4128 1300 4185; x_wconf 92' lang='lat' dir='ltr'>ad</span> <span class='ocrx_word' id='word_1_204' title='bbox 1334 4137 1440 4187; x_wconf 86' lang='lat' dir='ltr'>terram</span> 
     </span>
     <span class='ocr_line' id='line_1_28' title="bbox 250 4226 1440 4306; baseline 0.002 -20"><span class='ocrx_word' id='word_1_205' title='bbox 250 4232 382 4286; x_wconf 76' lang='lat' dir='ltr'>saneim</span> <span class='ocrx_word' id='word_1_206' title='bbox 403 4226 484 4304; x_wconf 92' lang='lat' dir='ltr'>pium</span> <span class='ocrx_word' id='word_1_207' title='bbox 505 4246 609 4304; x_wconf 84' lang='lat' dir='ltr'>gerens</span> <span class='ocrx_word' id='word_1_208' title='bbox 631 4229 838 4304; x_wconf 83' lang='lat' dir='ltr'>compassionis</span> <span class='ocrx_word' id='word_1_209' title='bbox 871 4227 1005 4288; x_wconf 83' lang='lat' dir='ltr'>affectum</span> <span class='ocrx_word' id='word_1_210' title='bbox 1040 4227 1182 4287; x_wconf 85' lang='lat' dir='ltr'>decimam</span> <span class='ocrx_word' id='word_1_211' title='bbox 1214 4229 1340 4287; x_wconf 88' lang='lat' dir='ltr'>omnium</span> <span class='ocrx_word' id='word_1_212' title='bbox 1373 4248 1440 4306; x_wconf 89' lang='lat' dir='ltr'>pro·</span> 
     </span>
     <span class='ocr_line' id='line_1_29' title="bbox 250 4328 1440 4407; baseline 0.001 -19"><span class='ocrx_word' id='word_1_213' title='bbox 250 4335 392 4388; x_wconf 89' lang='lat' dir='ltr'>uentuum</span> <span class='ocrx_word' id='word_1_214' title='bbox 416 4329 677 4389; x_wconf 86' lang='lat' dir='ltr'>ecclesiasticorum</span> <span class='ocrx_word' id='word_1_215' title='bbox 700 4329 876 4407; x_wconf 88' lang='lat' dir='ltr'>ubicumque</span> <span class='ocrx_word' id='word_1_216' title='bbox 900 4329 1121 4389; x_wconf 89' lang='lat' dir='ltr'>consistencium</span> <span class='ocrx_word' id='word_1_217' title='bbox 1141 4330 1170 4387; x_wconf 87' lang='lat' dir='ltr'>in</span> <span class='ocrx_word' id='word_1_218' title='bbox 1192 4328 1350 4390; x_wconf 87' lang='lat' dir='ltr'>subsidium</span> <span class='ocrx_word' id='word_1_219' title='bbox 1365 4331 1440 4390; x_wconf 92' lang='lat' dir='ltr'>dicte</span> 
     </span>
     <span class='ocr_line' id='line_1_30' title="bbox 251 4430 1455 4508; baseline 0.001 -18"><span class='ocrx_word' id='word_1_220' title='bbox 251 4438 328 4490; x_wconf 86' lang='lat' dir='ltr'>terre</span> <span class='ocrx_word' id='word_1_221' title='bbox 349 4446 385 4491; x_wconf 88' lang='lat' dir='ltr'>ac</span> <span class='ocrx_word' id='word_1_222' title='bbox 419 4430 650 4491; x_wconf 86' lang='lat' dir='ltr'>christicolarum</span> <span class='ocrx_word' id='word_1_223' title='bbox 682 4434 939 4491; x_wconf 87' lang='lat' dir='ltr'>transmarinarum</span> <span class='ocrx_word' id='word_1_224' title='bbox 971 4430 1101 4508; x_wconf 85' lang='lat' dir='ltr'>porcium</span> <span class='ocrx_word' id='word_1_225' title='bbox 1133 4449 1187 4490; x_wconf 88' lang='lat' dir='ltr'>nec</span> <span class='ocrx_word' id='word_1_226' title='bbox 1219 4450 1276 4490; x_wconf 90' lang='lat' dir='ltr'>non</span> <span class='ocrx_word' id='word_1_227' title='bbox 1309 4441 1338 4491; x_wconf 91' lang='lat' dir='ltr'>et</span> <span class='ocrx_word' id='word_1_228' title='bbox 1369 4432 1455 4492; x_wconf 91' lang='lat' dir='ltr'>alias·</span> 
     </span>
     <span class='ocr_line' id='line_1_31' title="bbox 253 4531 1560 4610; baseline 0.004 -18"><span class='ocrx_word' id='word_1_229' title='bbox 253 4539 355 4592; x_wconf 86' lang='lat' dir='ltr'>contra</span> <span class='ocrx_word' id='word_1_230' title='bbox 374 4531 508 4592; x_wconf 89' lang='lat' dir='ltr'>inimicos</span> <span class='ocrx_word' id='word_1_231' title='bbox 530 4541 558 4591; x_wconf 92' lang='lat' dir='ltr'>et</span> <span class='ocrx_word' id='word_1_232' title='bbox 579 4532 702 4593; x_wconf 90' lang='lat' dir='ltr'>rebelles</span> <span class='ocrx_word' id='word_1_233' title='bbox 723 4534 789 4593; x_wconf 88' lang='lat' dir='ltr'>fidei</span> <span class='ocrx_word' id='word_1_234' title='bbox 812 4533 953 4593; x_wconf 88' lang='lat' dir='ltr'>catholice</span> <span class='ocrx_word' id='word_1_235' title='bbox 979 4533 1010 4591; x_wconf 91' lang='lat' dir='ltr'>in</span> <span class='ocrx_word' id='word_1_236' title='bbox 1043 4531 1166 4592; x_wconf 90' lang='lat' dir='ltr'>concilio</span> <span class='ocrx_word' id='word_1_237' title='bbox 1199 4533 1357 4593; x_wconf 87' lang='lat' dir='ltr'>Viennensi</span> <span class='ocrx_word' id='word_1_238' title='bbox 1389 4553 1442 4610; x_wconf 88' lang='lat' dir='ltr'>per</span> <span class='ocrx_word' id='word_1_239' title='bbox 1557 4585 1560 4597; x_wconf 72' lang='grc'>,</span> 
     </span>
     <span class='ocr_line' id='line_1_32' title="bbox 199 4633 1441 4715; baseline 0 -21"><span class='ocrx_word' id='word_1_240' title='bbox 199 4709 201 4715; x_wconf 18' lang='lat'><em>7</em></span> <span class='ocrx_word' id='word_1_241' title='bbox 252 4651 305 4694; x_wconf 85' lang='lat' dir='ltr'>sex</span> <span class='ocrx_word' id='word_1_242' title='bbox 326 4650 419 4694; x_wconf 85' lang='lat' dir='ltr'>anuos</span> <span class='ocrx_word' id='word_1_243' title='bbox 440 4635 542 4693; x_wconf 92' lang='lat' dir='ltr'>eodem</span> <span class='ocrx_word' id='word_1_244' title='bbox 572 4637 752 4712; x_wconf 88' lang='lat' dir='ltr'>approbante</span> <span class='ocrx_word' id='word_1_245' title='bbox 781 4635 903 4694; x_wconf 90' lang='lat' dir='ltr'>concilio</span> <span class='ocrx_word' id='word_1_246' title='bbox 936 4633 1073 4711; x_wconf 87' lang='lat' dir='ltr'>imposuit</span> <span class='ocrx_word' id='word_1_247' title='bbox 1105 4637 1330 4695; x_wconf 81' lang='lat' dir='ltr'>concertandam</span> <span class='ocrx_word' id='word_1_248' title='bbox 1364 4636 1441 4698; x_wconf 87' lang='lat' dir='ltr'>Sane</span> 
     </span>
     <span class='ocr_line' id='line_1_33' title="bbox 253 4735 1440 4814; baseline 0.002 -20"><span class='ocrx_word' id='word_1_249' title='bbox 253 4752 319 4794; x_wconf 91' lang='lat' dir='ltr'>oum</span> <span class='ocrx_word' id='word_1_250' title='bbox 339 4735 502 4796; x_wconf 88' lang='lat' dir='ltr'>huiusmodi</span> <span class='ocrx_word' id='word_1_251' title='bbox 525 4736 637 4795; x_wconf 89' lang='lat' dir='ltr'>decima</span> <span class='ocrx_word' id='word_1_252' title='bbox 659 4753 712 4814; x_wconf 90' lang='lat' dir='ltr'>pro</span> <span class='ocrx_word' id='word_1_253' title='bbox 734 4736 836 4794; x_wconf 85' lang='lat' dir='ltr'>maiori</span> <span class='ocrx_word' id='word_1_254' title='bbox 859 4744 942 4813; x_wconf 87' lang='lat' dir='ltr'>parte</span> <span class='ocrx_word' id='word_1_255' title='bbox 964 4735 1087 4795; x_wconf 88' lang='lat' dir='ltr'>collecta</span> <span class='ocrx_word' id='word_1_256' title='bbox 1108 4735 1135 4793; x_wconf 91' lang='lat' dir='ltr'>in</span> <span class='ocrx_word' id='word_1_257' title='bbox 1159 4744 1210 4795; x_wconf 87' lang='lat' dir='ltr'>tua</span> <span class='ocrx_word' id='word_1_258' title='bbox 1230 4736 1440 4796; x_wconf 87' lang='lat' dir='ltr'>iraterarchie·</span> 
     </span>
     <span class='ocr_line' id='line_1_34' title="bbox 252 4835 1440 4916; baseline 0.002 -20"><span class='ocrx_word' id='word_1_259' title='bbox 252 4835 373 4914; x_wconf 84' lang='lat' dir='ltr'>piscope</span> <span class='ocrx_word' id='word_1_260' title='bbox 394 4836 546 4916; x_wconf 86' lang='lat' dir='ltr'>prouincia</span> <span class='ocrx_word' id='word_1_261' title='bbox 567 4837 641 4897; x_wconf 81' lang='lat' dir='ltr'>sicm</span> <span class='ocrx_word' id='word_1_262' title='bbox 663 4835 830 4911; x_wconf 88' lang='lat' dir='ltr'>accepimus</span> <span class='ocrx_word' id='word_1_263' title='bbox 849 4837 936 4896; x_wconf 78' lang='lat' dir='ltr'>merit</span> <span class='ocrx_word' id='word_1_264' title='bbox 953 4845 983 4895; x_wconf 90' lang='lat' dir='ltr'>et</span> <span class='ocrx_word' id='word_1_265' title='bbox 1002 4836 1032 4895; x_wconf 88' lang='lat' dir='ltr'>in</span> <span class='ocrx_word' id='word_1_266' title='bbox 1060 4835 1182 4896; x_wconf 88' lang='lat' dir='ltr'>diuersis</span> <span class='ocrx_word' id='word_1_267' title='bbox 1211 4837 1282 4898; x_wconf 89' lang='lat' dir='ltr'>locis</span> <span class='ocrx_word' id='word_1_268' title='bbox 1315 4839 1440 4914; x_wconf 88' lang='lat' dir='ltr'>reposita</span> 
     </span>
    </p>
   </div>
   <div class='ocr_carea' id='block_1_9' title="bbox 0 0 1807 5625">
    <p class='ocr_par' dir='ltr' id='par_1_11' title="bbox 0 0 1807 5625">
     <span class='ocr_line' id='line_1_35' title="bbox 0 0 1807 5625; baseline 0 0"><span class='ocrx_word' id='word_1_269' title='bbox 0 0 1807 5625; x_wconf 95' lang='lat' dir='ltr'> </span> 
     </span>
    </p>
   </div>
  </div>
 </body>
</html>
