3584 5625
948 477 1007 543 '144

383 669 492 731 quinque
510 681 540 716 ac
558 667 643 732 plures
661 666 750 726 eciam,
769 674 794 716 te
820 682 865 730 per
882 667 945 716 talia
962 667 1021 716 loce
1039 669 1175 731 procedere
1193 673 1303 731 oportet,
1320 668 1346 715 in
1363 665 1456 729 quibus
1474 664 1508 714 ob
1526 664 1570 712 do·

382 767 482 801 morum
500 730 736 810 deiectum,'tecum
754 750 853 800 deferre
871 754 981 802 tentoria
1007 752 1115 815 cogeris,
1145 753 1250 801 concedi
1276 752 1321 801 tibi
1349 758 1378 799 ut
1405 764 1453 814 per
1470 749 1570 797 easdem

384 836 498 886 dioceses
517 852 593 900 super
609 837 760 886 collectione
777 837 856 900 ipsius
875 839 972 886 decime
990 847 1073 885 certos
1091 838 1193 885 nuntius
1211 847 1269 885 tuos
1287 836 1401 899 ydoneos
1414 835 1570 894 etdiscretos

383 922 504 969 mandato
527 923 670 985 apostolico
697 923 822 971 contrario
849 936 902 971 nou
930 923 1047 971 obstante
1074 924 1196 984 deputare
1221 920 1310 970 ualens
1336 919 1483 989 postulasti.
1518 916 1570 966 Nos

383 1004 469 1067 itaque
488 1011 532 1053 tna
550 1014 575 1055 ct
593 1007 699 1055 ecclesie
717 1015 759 1054 tue
777 1006 909 1070 dispendia
927 1008 1061 1068 enitentes,
1082 1008 1127 1055 tibi
1145 1015 1173 1055 ut
1191 1006 1211 1055 si
1229 1005 1357 1087 premissis
1377 1005 1443 1053 ueris
1462 1004 1571 1053 existen-

331 1099 334 1106 ’
384 1090 451 1137 tibus
470 1091 590 1154 expedire
609 1091 710 1149 uideris,
729 1105 804 1153 snper
822 1104 872 1153 qun
892 1101 961 1140 tuam
979 1092 1133 1140 intendimus
1147 1090 1327 1139 conscientiam
1340 1103 1454 1150 onerare,
1470 1090 1571 1138 nuntios

384 1174 529 1224 huiusmodi
548 1190 591 1239 per
609 1175 711 1223 easdem
730 1175 843 1223 dioceses
862 1190 938 1239 super
955 1176 1033 1240 ipsius
1052 1178 1147 1225 decime
1166 1175 1316 1224 collectione
1334 1175 1459 1235 deputare
1485 1173 1572 1223 ualens

385 1261 472 1308 tenore
490 1259 645 1322 presentium
663 1260 783 1309 duximus
801 1261 1000 1311 concedendum.
1044 1261 1168 1311 Volentes
1194 1260 1375 1310 nichilominus
1401 1266 1432 1308 ut
1462 1271 1491 1307 tu
1516 1258 1572 1309 fllas

384 1358 417 1393 ex
435 1345 553 1408 predictis
572 1344 714 1393 diocesibns
733 1345 902 1406 personaliter
919 1346 1015 1405 uisites,
1034 1360 1096 1409 quas
1114 1346 1209 1409 absque
1227 1343 1573 1408 magnoincomodopoteris

384 1429 496 1489 uisitare,
514 1429 650 1478 sollicitum
669 1428 780 1477 studium
799 1430 923 1478 adhibens
941 1430 1008 1480 circa
1026 1429 1203 1479 collectionem
1221 1430 1318 1479 decime
1335 1429 1490 1494 supradicte.
1530 1426 1574 1476 Jte

385 1514 452 1575 quod
471 1513 563 1563 exinde
581 1514 704 1577 premium
722 1524 843 1577 expectes
861 1530 877 1562 a
895 1515 1008 1564 domino.
1037 1516 1108 1564 cuius
1135 1516 1267 1578 negotium
1295 1516 1378 1578 agitet
1405 1522 1431 1564 et
1459 1512 1574 1563 fauorem

385 1598 555 1662 apostolicum
572 1599 674 1648 uberius
692 1600 821 1650 merearis.
855 1600 954 1649 Datum
971 1598 1080 1661 Viterbij
1092 1599 1126 1663 .ij.
1144 1614 1225 1649 nonas
1243 1600 1392 1651 Decembris
1410 1597 1573 1663 pontificatus

386 1682 467 1732 nostri
485 1698 553 1733 auno
571 1684 660 1748 primo.

740 1766 806 1813 (arch.
821 1769 862 1807 Vct.
876 1769 922 1817 fleg.
936 1768 978 1808 ioh.
992 1770 1041 1809 xxi.
1056 1780 1087 1807 an.
1105 1769 1120 1808 l.
1136 1780 1166 1817 cp.
1179 1763 1220 1813 95.)

751 1960 778 2019 6.
830 1960 919 2017 1276.
963 1960 1020 2017 4de
1042 1961 1216 2019 December.

453 2072 586 2123 Johauues
604 2073 680 2137 episc.
699 2089 764 2123 sern.
792 2091 887 2125 seruor.
919 2076 960 2125 dei
988 2078 1106 2125 venerab.
1135 2074 1207 2125 fratri
1238 2112 1244 2123 .
1272 2111 1278 2123 .
1305 2072 1500 2136 archiepiscopo
1530 2069 1574 2120 Ni-

385 2158 509 2207 drosieusi
538 2158 612 2207 salut.
640 2167 666 2208 et
693 2160 911 2224 apostbeuedict.
947 2160 1075 2211 Intimasti
1093 2162 1166 2211 nobis
1185 2162 1253 2224 quod
1272 2174 1328 2208 cum
1346 2166 1453 2222 propter
1470 2157 1574 2206 nimiam

385 2244 578 2307 episcopatuum
595 2241 755 2294 diffusionem
773 2246 845 2309 regni
862 2244 1005 2309 Norwagie,
1022 2246 1049 2294 iu
1073 2262 1123 2309 qno
1152 2246 1198 2295 tibi
1224 2260 1269 2308 per
1295 2243 1449 2308 apostolicas
1476 2243 1575 2292 litteras

385 2328 503 2378 collectio
522 2329 616 2377 decime
635 2336 700 2379 terre
718 2338 805 2379 sancte
823 2332 943 2395 deputate
970 2331 1082 2381 subsidio
1106 2341 1145 2381 est
1171 2330 1316 2389 commissa,
1342 2329 1394 2378 duo
1422 2328 1574 2377 collectores

385 2402 464 2462 iuxta
477 2413 670 2478 promissionem
696 2415 835 2478 apostolice
866 2417 932 2465 sedis
958 2417 984 2465 in
1010 2417 1123 2480 qualibet
1150 2416 1243 2465 diocesi
1276 2414 1385 2479 ordinati
1414 2426 1575 2476 nequequam

386 2497 512 2547 sufficiant
530 2500 562 2547 ad
580 2500 661 2563 ipsam
679 2501 804 2549 decimam
821 2500 999 2563 colligendam,
1017 2516 1064 2550 nec
1082 2492 1126 2565 per
1154 2502 1213 2550 illos
1240 2506 1327 2563 posset
1353 2499 1462 2547 comoda
1490 2496 1576 2559 colligi

386 2583 481 2647 absque
498 2598 592 2646 magno
610 2585 735 2648 profluuio
753 2600 929 2647 expensarum.
948 2594 977 2635 tu
993 2601 1052 2635 cum
1069 2586 1177 2636 consilio
1196 2594 1221 2635 et
1231 2599 1337 2634 assensu
1355 2582 1575 2646 suffraganeorum

385 2677 487 2716 tuorum
505 2668 584 2731 ipsius
602 2672 672 2733 regni
691 2686 736 2733 pro
753 2671 899 2721 huiusmodi
918 2671 1028 2721 utilitate
1047 2671 1143 2735 negotij
1163 2672 1276 2719 statuisti
1292 2684 1337 2734 per
1346 2684 1406 2718 rura
1416 2667 1576 2730 singularum

313 2763 316 2769 ·
385 2752 524 2802 dioeesium
542 2754 626 2818 plures
645 2755 709 2804 alios
728 2756 878 2805 collectores
898 2758 939 2820 qui
958 2758 1010 2806 suis
1028 2757 1159 2807 laboribus
1178 2765 1205 2805 et
1222 2756 1341 2821 expensis
1361 2754 1506 2820 predictam
1531 2753 1575 2800 de·

386 2839 477 2887 cimam
492 2838 621 2911 colligant,
639 2849 665 2890 et
683 2840 818 2891 collectam
836 2843 937 2892 statutis
956 2844 1112 2906 temporibus
1131 2843 1231 2892 duobus
1249 2839 1432 2891 collectoribus
1448 2837 1575 2896 deferant,

386 2923 429 2986 qui
447 2923 548 2972 suntin
571 2925 715 2976 ciuitatibus
734 2927 855 2990 deputati.
873 2929 940 2976 vnde
957 2929 1029 2977 nobis
1051 2928 1181 2977 humiliter
1206 2925 1355 2992 supplicasti
1381 2934 1411 2974 ut
1436 2923 1576 2973 eorundem

386 3013 554 3062 collectorum
563 3005 704 3061 *rularium
717 3012 819 3062 labores
835 3018 863 3061 'et
880 3023 996 3076 sumptus
1013 3012 1123 3076 benigue
1139 3013 1293 3061 mediatione
1311 3016 1447 3075 pensantes
1466 3007 1576 3070 aliquam

385 3096 435 3146 illis
453 3096 638 3159 indulgentiam
656 3098 796 3145 concedere
815 3111 969 3146 curaremus.
1014 3096 1140 3146 Veientes
1166 3097 1251 3159 itaque
1268 3097 1309 3143 'ut
1326 3094 1404 3157 ijdem
1423 3092 1575 3142 collectores

385 3182 484 3231 rurales
501 3179 611 3231 fructum
629 3196 662 3229 ex
680 3181 731 3229 suis
749 3181 879 3230 laboribus
898 3189 924 3229 et
941 3182 1082 3244 sumptibus
1109 3189 1305 3244 cousequantur,
1334 3181 1370 3229 eis
1396 3177 1470 3226 illam
1496 3175 1577 3225 indul·

388 3268 501 3332 gentiam
518 3266 683 3330 impertimur,
702 3281 749 3329 que
768 3267 800 3315 ad
818 3266 1005 3328 promotionem
1022 3265 1119 3330 negotij
1139 3275 1204 3315 terre
1222 3273 1309 3314 sancte
1328 3279 1403 3327 opem
1421 3270 1447 3312 et
1472 3275 1576 3326 operam

300 3379 301 3382 ¹
359 3399 363 3406 ,
389 3351 568 3402 exhibentibus
586 3359 625 3400 est
642 3365 770 3400 concessa.
814 3350 913 3399 Datum
938 3348 1048 3411 Viterbij
1077 3350 1111 3414 .ij.
1140 3366 1220 3400 nonas
1243 3347 1393 3399 Decembris
1411 3344 1576 3411 pontificatus

389 3437 470 3487 nostri
487 3451 555 3486 anuo
572 3437 663 3499 primo.

746 3515 813 3562 (Arch.
828 3520 869 3557 Vat.
883 3518 929 3565 seg.
943 3518 984 3556 ioh.
999 3518 1047 3556 xxt
1062 3528 1095 3555 an.
1111 3517 1123 3554 1.
1140 3527 1168 3565 ep¹
1184 3513 1224 3560 95).

755 3727 785 3784 7.
840 3726 897 3783 127
902 3726 928 3783 6.
973 3726 1029 3782 4de
1049 3724 1223 3782 December.

459 3842 592 3893 Johanues
610 3842 689 3904 episc.
705 3854 770 3890 seru.
798 3856 895 3891 seruor.
923 3841 963 3890 dei
992 3840 1110 3890 venerab.
1140 3837 1212 3888 iratri
1242 3874 1248 3886 .
1275 3874 1281 3886 .
1312 3835 1503 3899 archiepiscopo
1529 3834 1580 3884 rti-

392 3929 515 3978 drosiensi
534 3927 608 3976 salut.
628 3934 653 3975 et
671 3926 780 3990 apostol.
798 3926 922 3974 benedict.
959 3925 1086 3975 intimasti
1104 3925 1176 3973 nobis
1195 3924 1262 3987 quod
1289 3923 1315 3972 in
1338 3935 1417 3984 regno
1441 3919 1580 3983 Norwagie

335 4066 336 4069 ,
391 4016 418 4064 iu
437 4030 485 4078 quo
505 4014 549 4063 tibi
568 4012 663 4062 decime
681 4020 746 4060 terre
764 4020 851 4061 sancte
870 4011 988 4060 collectio
1007 4017 1046 4058 est
1069 4009 1213 4068 commissa,
1240 4022 1319 4070 usquc
1344 4008 1409 4056 adeo
1437 4006 1496 4055 uilis
1523 4020 1581 4054 esse

391 4109 494 4149 moneta
512 4099 651 4147 dinoscitur
668 4097 773 4158 usualis,
791 4098 859 4160 quod
876 4107 950 4145 extra
967 4095 1045 4160 ipsius
1063 4095 1134 4157 regni
1153 4094 1245 4142 limites
1264 4093 1289 4141 in
1307 4092 1390 4155 pretio
1403 4106 1455 4140 nou
1470 4091 1581 4140 habetur

393 4187 508 4250 qnodque
525 4185 552 4231 iu
570 4183 720 4247 quibusdam
738 4183 852 4247 partibus
871 4182 932 4230 dicti
950 4181 1021 4243 regni
1039 4191 1140 4229 monete
1159 4194 1219 4228 usus
1237 4178 1329 4241 aliquis
1348 4191 1400 4225 nou
1417 4176 1514 4236 existit,
1531 4189 1581 4224 nec

392 4281 509 4319 crescunt
525 4280 632 4332 segetes,
650 4283 730 4331 neque
749 4266 850 4330 frugum
868 4267 920 4315 alia
937 4281 1030 4330 genera
1048 4266 1232 4330 producuntur,
1251 4263 1295 4311 sed
1312 4260 1449 4324 lacticiuijs
1462 4267 1489 4309 et
1501 4261 1580 4324 pisci-

392 4357 440 4406 bus
462 4355 514 4405 iere
537 4357 662 4403 duntaxat
679 4354 733 4402 uita
749 4353 811 4402 inibi
829 4361 985 4400 sustentatur
1001 4351 1121 4400 humana
1157 4347 1242 4408 Quare
1261 4347 1400 4410 significari
1418 4324 1493 4395 tibia
1506 4346 1582 4395 nobis

393 4441 523 4490 humiliter
540 4439 662 4503 petiuisti,
680 4439 739 4502 quid
758 4440 788 4487 de
807 4439 905 4487 decima
933 4452 981 4501 que
1008 4438 1039 4486 de
1065 4433 1203 4495 lacticinijs
1230 4441 1256 4481 et
1280 4433 1392 4496 piscibus
1419 4437 1445 4479 et
1474 4439 1584 4480 moneta

393 4520 653 4588 predictiscolligitnr
665 4525 758 4573 debeas
775 4524 901 4573 ordinare.
937 4521 991 4571 Nos
1008 4521 1085 4584 igitur
1103 4521 1136 4569 ad
1154 4534 1186 4567 ea
1203 4532 1251 4580 que
1270 4524 1330 4566 sunt
1347 4514 1460 4580 uitiliora
1472 4515 1581 4578 negotio

393 4609 560 4668 intendentes,
578 4609 699 4672 expedire
716 4609 839 4668 uidemus,
857 4614 886 4656 ut
908 4607 1037 4670 promissis
1064 4605 1131 4654 ueris
1158 4602 1327 4652 existentibus
1353 4603 1380 4650 iu
1408 4616 1508 4660 aurum,
1538 4601 1582 4650 uel

394 4704 526 4756 argentum
544 4704 620 4757 prout
637 4695 794 4743 commodius
813 4694 866 4742 fieri
884 4694 980 4756 poterit
998 4690 1142 4740 huiusmodi
1161 4694 1263 4736 moneta
1290 4696 1317 4735 et
1345 4685 1445 4735 decima
1469 4699 1582 4734 conuer-

395 4787 488 4829 tantur.
523 4779 563 4828 De
582 4779 733 4827 monialibus
751 4788 835 4827 autem
854 4784 879 4826 et
896 4776 1010 4839 personis
1028 4775 1085 4840 alijs
1104 4771 1263 4835 regularibus
1289 4771 1350 4820 dicti
1373 4770 1453 4833 regui.
1473 4785 1582 4833 quorum

395 4856 533 4929 prouentus
551 4871 577 4912 et
593 4865 705 4914 redditus
723 4863 889 4912 ecclesiastici
913 4864 978 4912 adeo
1007 4871 1067 4911 suut
1095 4870 1183 4909 tenues
1209 4865 1235 4905 et
1260 4856 1347 4916 exiles,
1375 4856 1445 4917 quod
1470 4870 1504 4903 ex
1530 4854 1582 4904 illis
