3584 5625
871 498 911 559 83

297 686 377 745 modi
398 684 508 747 tructus
529 685 658 746 redditus
680 695 708 745 at
732 691 891 764 prouentus
919 686 967 743 uel
999 684 1116 745 residua
1147 684 1177 743 in
1210 684 1325 745 statutis
1357 686 1394 744 ad
1426 686 1482 744 boc

297 786 426 848 terminis
448 805 505 846 non
528 787 689 860 uoluissent,
710 787 880 846 beneficium
901 785 1099 846 absolucionis·
1116 787 1199 846 iuxta
1219 786 1339 844 formam
1361 786 1483 845 ecclesie

296 887 458 965 impendes,
480 908 545 948 eum
569 890 609 948 eis
631 906 718 966 super
739 887 951 965 irregularitate
978 905 1066 964 quarn
1098 887 1179 964 ligati
1213 888 1299 946 dictis
1329 885 1483 947 sentenciis

298 990 473 1049 celebrando
493 988 593 1048 diuina
612 990 660 1048 uel
681 989 868 1049 immiscendo
889 1008 921 1048 se
942 988 999 1048 illis
1024 988 1142 1052 forsitan
1172 990 1391 1059 contraxissent,
1412 1008 1492 1048 auc·.

297 1089 415 1150 toritata
436 1100 535 1151 nostra
556 1090 757 1151 nichilominus
778 1089 1002 1151 misericorditer
1030 1090 1231 1167 dispensando.
1263 1090 1374 1148 Datum
1406 1090 1481 1148 Aui-

297 1190 383 1252 nione
405 1191 462 1270 iiij.
483 1193 622 1253 kalendas
644 1192 794 1269 Februarij
815 1192 1006 1252 Pontificatus
1028 1191 1117 1251 nostri
1139 1211 1215 1252 anno
1238 1193 1309 1251 srvit

381 1393 531 1455 <lebannes
553 1396 706 1474 episcopus
727 1413 828 1454 seruus
848 1413 998 1453 seruorum
1011 1394 1066 1466 dei,
1077 1394 1194 1453 Dilecto
1214 1394 1273 1451 filio
1296 1394 1384 1452 Petro
1403 1392 1490 1453 Ger-⁸

296 1494 370 1570 uasij
393 1498 532 1556 canonico
553 1496 720 1557 Vinariensi
743 1495 902 1573 apostolice
922 1496 999 1554 sadis
1021 1496 1137 1567 nuncio,
1162 1494 1291 1556 Salutem
1314 1505 1343 1553 et
1363 1503 1480 1570 aposto·

296 1596 383 1655 licam
405 1599 648 1658 benediccionem.
670 1598 790 1656 Dudum
812 1598 848 1655 ad
871 1596 1042 1673 multiplicia
1064 1616 1256 1672 expensarum
1270 1595 1480 1672 ⁴''bonera,qui·

297 1700 351 1757 bus
373 1718 426 1758 nos
448 1709 477 1758 et
499 1701 621 1761 ecclesia
642 1701 774 1760 Romana
795 1700 1000 1775 grauabumur,
1016 1698 1090 1756 sicut
1111 1699 1206 1758 adbuc
1228 1718 1384 1775 grauamur
1408 1698 1480 1755 mul-

296 1799 441 1875 tipliciter,
463 1803 562 1862 utilius
582 1802 747 1871 releuauda,
768 1800 888 1873 fructus,
910 1800 1048 1872 redditus,
1071 1809 1100 1858 et
1120 1811 1278 1877 prouentus
1308 1801 1391 1878 primi
1412 1800 1480 1857 anni

297 1901 424 1961 omnium
448 1914 476 1961 et
497 1904 675 1979 singulorum
704 1904 911 1961 beneficiorum
942 1902 1201 1962 ecclesiasticorum
1232 1922 1297 1961 cum
1331 1923 1401 1961 cura
1432 1904 1480 1960 uel

297 2003 358 2062 sine
381 2024 460 2076 cura,
480 2006 567 2064 etiam
589 2006 770 2081 dignitatum,
791 2015 997 2081 personatuum
1026 2015 1054 2062 et
1084 2001 1244 2063 officiorum
1277 2005 1480 2081 quorumlibet,

297 2106 567 2180 ecclesiasticorum,
587 2107 834 2179 monasteriorum,
846 2108 1027 2184 prioratuum
1047 2115 1076 2164 et
1097 2106 1219 2164 aliorum
1238 2124 1480 2183 quorumcunque

297 2204 428 2265 locorum
447 2209 706 2268 ecelesiasticorum
729 2220 787 2268 tam
810 2209 983 2269 secularium
995 2226 1082 2283 quam
1095 2207 1268 2284 regularium
1282 2218 1480 2285 exemptorum

299 2315 327 2364 et
348 2326 406 2365 uon
428 2321 629 2387 exemptorum
651 2330 707 2388 que
729 2312 758 2369 in
781 2311 945 2369 ciuitatibus
968 2319 996 2366 et
1018 2309 1180 2369 diocesibus
1202 2311 1230 2367 in
1263 2311 1371 2385 Regnis
1403 2310 1480 2369 Nor·

297 2409 401 2485 wegie,
423 2405 528 2470 Suecie
550 2422 579 2471 et
600 2412 694 2498 (iocis
716 2390 937 2471 consistentibus
964 2420 1033 2468 tunc
1064 2412 1209 2469 uacabant
1241 2422 1270 2470 et
1302 2431 1358 2488 qua
1389 2431 1481 2487 usque

298 2510 335 2566 ad
364 2510 511 2570 biennium
534 2513 702 2571 continuum
725 2533 761 2571 ex
783 2522 852 2572 tunc
875 2512 1100 2587 computandum
1122 2524 1258 2571 vacarent
1280 2513 1479 2583 reseruandos,
1494 2526 1579 2565 foreas.

298 2629 351 2687 per
369 2622 483 2672 nostras
506 2614 576 2672 uerti
597 2615 705 2674 tenoris
726 2614 836 2673 litteras
857 2615 912 2672 sub
934 2613 1019 2672 certis
1041 2613 1142 2684 modis,
1164 2614 1262 2673 formis
1284 2625 1313 2672 et
1335 2614 1480 2673 condicio·

292 2714 389 2773 uibus
403 2715 433 2773 in
454 2714 561 2773 eisdem
583 2716 684 2774 litteris
706 2715 849 2792 expressis
871 2716 993 2793 plenius,
1015 2715 1160 2785 duximus,
1184 2725 1212 2773 et
1240 2728 1336 2775 nostre
1367 2734 1480 2774 camera

300 2835 351 2891 pro
372 2817 476 2876 nostris
498 2826 527 2876 et
548 2819 669 2878 ecclesie
690 2820 822 2878 Romane
849 2817 1012 2876 releuandis
1039 2818 1139 2876 utilius
1170 2819 1398 2890 necessitatibus,
1431 2819 1481 2876 de·

299 2919 452 2993 putandos,
474 2920 566 2990 certis
581 2921 784 2980 collectoribus
811 2938 899 2997 super
921 2919 1097 2978 colleccione
1128 2920 1282 2991 fructuum,
1315 2920 1480 2978 reddituum

294 3026 328 3076 'et
349 3029 542 3096 prouentuum
563 3021 726 3081 huiusmodi
749 3021 903 3099 deputatis,
925 3021 975 3097 qui
996 3022 1064 3079 licet
1085 3022 1163 3080 circa
1185 3022 1384 3080 collectionem
1417 3040 1480 3079 eor·

302 3120 405 3178 undem
428 3121 572 3181 fructuum
605 3124 770 3183 reddituum
804 3133 832 3181 et
861 3133 1055 3199 prouentuum
1086 3122 1268 3200 diligenciam
1299 3123 1481 3181 adhibuerint

300 3223 466 3294 studiosam,
488 3225 582 3282 adhuc
604 3234 701 3282 tamen
723 3224 863 3283 nonnulla
888 3226 1045 3283 eorundem
1077 3225 1222 3283 fructuum
1255 3225 1420 3282 reddituum
1453 3235 1481 3280 at

301 3333 492 3400 prouentuum
513 3336 662 3384 remanent
683 3327 798 3384 residua
820 3327 895 3385 sicut
917 3327 1081 3403 accepimus
1102 3327 1274 3402 colligenda.
1303 3326 1366 3383 Nos
1384 3335 1481 3382 autem

300 3425 429 3485 volentes
449 3445 538 3502 super
558 3430 612 3486 boc
634 3427 796 3502 prouidere,
808 3426 988 3485 Discrecioni
1006 3437 1055 3485 tue
1077 3428 1114 3485 de
1135 3447 1194 3504 qua
1215 3427 1350 3485 fiduciam
1371 3425 1400 3484 in
1423 3427 1480 3484 dno

300 3526 425 3602 gerimus
447 3526 610 3603 specialem,
632 3547 685 3603 per
704 3529 865 3604 apostolica
886 3527 994 3604 scripta
1016 3529 1219 3587 committimus
1246 3538 1275 3586 et
1303 3528 1481 3600 mandamus,

300 3637 442 3703 quatenus
463 3647 515 3704 per
535 3638 563 3685 te
585 3629 633 3686 uel
654 3629 743 3687 alium
765 3648 817 3687 seu
839 3629 912 3687 alios
934 3629 1096 3688 huiusmodi
1117 3630 1242 3701 residua,
1261 3648 1313 3705 per
1335 3645 1480 3704 quoscun-

300 3748 355 3805 que
378 3731 547 3798 debeantur,
566 3749 653 3806 super
674 3731 778 3806 quibus
800 3729 954 3788 summarie
976 3730 1143 3806 simpliciter
1164 3742 1193 3789 et
1209 3733 1245 3788 de
1264 3729 1351 3805 plano
1368 3749 1404 3788 ac
1420 3729 1481 3787 sine

297 3831 419 3906 strepitu
441 3841 470 3887 et
490 3831 584 3906 figura
599 3830 700 3905 judioij
723 3840 751 3890 te
771 3831 916 3903 informes,
937 3841 1036 3890 nostro
1059 3842 1088 3890 et
1109 3833 1236 3890 eiusdem
1258 3850 1371 3889 camere
1383 3840 1481 3889 nostre

298 3930 412 3989 nomine
435 3941 542 4007 petere,
564 3932 679 4006 exigere
701 3951 736 3990 ac
758 3933 888 4009 recipere
911 3951 976 3990 cum
1005 3932 1169 4009 integritate
1196 3953 1342 4008 procures,
1367 3943 1481 3991 contra·

298 4031 423 4091 dictores
445 4033 589 4109 quoslibet
609 4053 696 4110 super
717 4033 770 4107 hijs
793 4043 821 4090 et
842 4033 972 4104 rebelles,
995 4035 1193 4111 cuiuscunque
1214 4045 1306 4093 status
1335 4035 1382 4092 uel
1412 4054 1480 4092 con·

297 4134 419 4193 dicionis
440 4133 555 4208 luerint,
576 4135 662 4193 etiam
684 4135 708 4193 si
729 4134 887 4210 pontificali
909 4136 957 4194 uel
979 4137 1083 4212 queuis
1115 4137 1173 4195 alia
1205 4136 1385 4212 promineant
1417 4137 1479 4213 dig-

296 4235 396 4307 nitate,
417 4235 589 4294 auctoritate
610 4247 709 4296 nostra
730 4236 930 4312 appallacione
952 4246 1018 4312 post
1038 4238 1133 4314 posita
1154 4239 1375 4314 compescendo,
1390 4238 1480 4313 juuoss

297 4346 365 4394 ceto
385 4337 423 4394 ad
445 4338 500 4396 hoc
522 4337 545 4396 ei
568 4356 641 4414 opus
658 4336 743 4395 luerit
765 4337 874 4395 auxilio
898 4339 1004 4412 brachij
1025 4338 1171 4409 secularis,
1189 4360 1246 4398 non
1259 4341 1391 4398 obstante
1402 4340 1427 4397 si
1439 4340 1481 4397 eis

295 4437 346 4495 uel
367 4454 468 4496 eorum
489 4438 633 4515 aliquibus
655 4439 844 4498 communiter
865 4439 913 4497 uel
936 4440 1050 4499 diuisim
1072 4460 1091 4498 a
1111 4439 1223 4516 prelata
1245 4440 1281 4499 sit
1300 4442 1368 4499 seda
1386 4440 1481 4498 indul·

296 4545 359 4596 tum
382 4539 461 4615 quod
483 4539 624 4610 interdici,
645 4542 782 4617 suspendi
799 4540 846 4598 uel
859 4542 1103 4601 excommunicari
1114 4561 1170 4600 non
1183 4542 1293 4619 possint
1305 4563 1356 4618 per
1369 4544 1481 4601 litteras

298 4640 474 4716 apostolicas
496 4660 552 4699 non
573 4640 709 4700 iacientes
730 4642 844 4717 planam
867 4653 896 4701 at
917 4662 1082 4721 expressam
1104 4619 1138 4702 ad
1161 4645 1196 4701 de
1208 4646 1298 4702 uerbo
1311 4646 1347 4702 ad
1359 4646 1480 4702 uerbum

299 4741 335 4798 de
357 4741 469 4800 indulto
491 4743 653 4801 huiusmodi
665 4743 852 4803 mencionem.
882 4744 1026 4802 Volumus
1048 4754 1144 4803 autem
1167 4746 1245 4821 quod
1267 4764 1317 4804 eos
1339 4766 1357 4805 a
1376 4747 1482 4820 quibus

298 4844 413 4903 residua
434 4843 578 4919 receperis
596 4844 763 4921 supradicta
784 4846 937 4904 absoluere
958 4845 1058 4903 nalem
1079 4856 1108 4905 et
1129 4846 1312 4989 quamgt&
1340 4846 1393 4922 hijs
1422 4866 1481 4923 que
