3584 5625
853 488 890 545 91

282 675 319 734 de
339 674 480 735 fructibus
501 674 705 734 beneficiorum
728 671 898 732 vecencium
921 690 973 747 per
984 670 1130 730 biennium
1144 670 1236 731 Nulle
1251 670 1329 729 lacta
1346 668 1464 729 distino-

280 775 359 836 tione
380 795 432 835 seu
453 787 589 853 computo
612 777 647 833 de
670 772 805 850 predictis
825 802 866 811 -
888 771 1025 847 .cclxiiij⁰.'
1038 773 1137 830 floren.
1161 791 1268 850 paruos
1290 771 1361 829 euri.

366 877 438 935 Item
461 906 501 916 -
525 876 551 952 .j.
574 877 637 934 den.
660 875 723 933 auri
746 876 781 932 do
804 892 909 933 massa.

365 980 437 1037 Item
462 1003 496 1018 ···
523 978 568 1053 .vj.
591 977 693 1036 solet
717 975 787 1051 ,iiiju
801 976 865 1032 den.
888 992 979 1050 gross.
1001 973 1111 1032 Toron.

365 1080 439 1139 Item
467 1109 499 1120 ··
525 1079 561 1155 .ij.
584 1080 647 1137 libr.
670 1087 698 1136 et
720 1076 766 1151 .xj.
788 1075 840 1134 sol.
861 1074 1073 1151 sterlingorum.

606 1177 729 1255 Recepit
745 1176 971 1253 jnstrnmentnm
991 1176 1149 1237 dohannee.

366 1352 438 1410 Item
461 1368 537 1410 enno
560 1367 618 1425 quo
640 1367 736 1424 supra.
759 1347 806 1405 die
828 1345 947 1422 mxvii'l'
971 1346 1076 1405 mensis
1096 1346 1187 1421 Junij.
1230 1346 1340 1423 Recepi
1362 1366 1380 1404 a
1409 1347 1467 1403 dr‘ro

281 1452 370 1511 Petro
391 1452 539 1529 Episcopo
561 1450 695 1511 scarensi
718 1468 770 1524 per
791 1443 894 1506 manus
916 1447 964 1505 dni
987 1447 1102 1524 Sigonis
1124 1446 1255 1506 canonici
1267 1447 1417 1509 Scerensis
1431 1448 1467 1505 de

281 1552 399 1613 restanti
423 1553 537 1613 decima
558 1550 708 1611 sexannali
729 1579 769 1589 -
792 1548 849 1625 slj.
873 1569 961 1609 marc.
995 1567 1056 1625 arg.
1090 1550 1224 1626 ponderis
1258 1547 1407 1629 Scarpneis
1439 1556 1468 1607 et

280 1653 328 1729 ip.
351 1654 458 1714 solidos
480 1673 570 1730 gross.
593 1654 702 1712 Turon.

607 1752 731 1829 Recepit
745 1750 972 1827 jnstrnmentnm
993 1752 1150 1811 lohannes.

763 2022 820 2097 .xlj.
843 2041 932 2080 marc.
954 2041 1014 2098 arg.
1039 2021 1173 2098 ponderis
1197 2020 1353 2081 Scor-ensis.

282 2147 350 2229 [ap]
389 2152 510 2220 Summa
527 2152 612 2211 huius
630 2149 736 2228 pagine
762 2126 809 2204 2¹3·
832 2107 885 2203 ⁸.⁰l'
910 2125 976 2165 ⁰⁰¹³
994 2126 1086 2204 ,mm
1109 2108 1269 2203 ἆθῦχὲΐθθ·
1292 2106 1402 2165 Turon-

764 2212 803 2267 ·¹J·
825 2193 888 2250 llbr·
913 2202 942 2250 et
964 2212 1011 2267 .xJ.
1034 2193 1085 2251 sol.
1107 2190 1318 2266 sterlingorum.

764 2276 902 2354 .cclxiiij⁰.'
920 2278 1019 2335 floren.
1042 2277 1136 2353 perui.

763 2362 789 2437 .j.
813 2363 878 2420 den.
903 2362 967 2419 euri
988 2363 1024 2419 de
1045 2380 1150 2420 messe.

366 2552 439 2609 Item
462 2568 538 2609 anno
561 2567 619 2625 qno
641 2567 729 2624 supra
752 2547 798 2605 die
820 2547 867 2605 ix.
899 2547 1074 2608 Nouembris
1096 2547 1205 2625 Recepi
1227 2567 1246 2616 p
1272 2547 1330 2604 diro
1361 2546 1471 2606 Boeoio
1481 2552 1570 2593 101591-

283 2652 433 2729 Episcopo
451 2650 628 2710 Vexionensi
648 2670 701 2727 per
722 2669 824 2708 manus
845 2648 979 2726 Lygwidi
1001 2650 1135 2725 armigeri
1157 2649 1201 2707 sui
1222 2648 1339 2708 racione
1360 2648 1472 2708 decime

283 2753 448 2814 sexannalis
470 2751 577 2814 clxxx.
599 2771 688 2811 marc.
711 2751 775 2809 den.
799 2751 963 2811 Sueuorum
985 2770 1042 2828 que
1063 2751 1180 2809 uendite
1201 2750 1316 2809 luerunt
1337 2751 1366 2808 in
1377 2750 1472 2810 Dacia

284 2875 400 2932 pro-
424 2853 471 2929 .vj.
495 2853 558 2912 libr.
580 2862 610 2912 et
631 2853 688 2928 sij.
709 2854 761 2912 sol.
783 2873 874 2930 gross.
897 2853 1118 2912 Turonensium.

608 2955 730 3032 Recepit
746 2954 973 3030 jnstrnmentnm
993 2954 1152 3013 lohannes.

367 3142 442 3201 Item
464 3160 541 3200 anno
563 3141 613 3199 dni
635 3149 684 3199 .m⁰.
713 3149 777 3200 ccci
805 3141 916 3217 xxxiiij.
939 3142 985 3199 die
1012 3141 1114 3218 aviijl·
1138 3140 1258 3220 Aprilis.
1310 3141 1419 3217 Recepi
1452 3161 1471 3200 e

284 3246 343 3304 diro
365 3242 512 3319 Episcopo
532 3242 663 3301 Aboensi
686 3252 714 3300 et
736 3242 873 3318 Capitale
896 3243 1018 3302 ecclesie
1038 3244 1184 3303 Aboensis
1205 3265 1258 3321 per
1283 3263 1385 3302 manns
1405 3243 1470 3302 Pri·

284 3346 343 3404 oris
365 3353 393 3403 et
415 3344 584 3405 Conuentns
605 3343 725 3402 fratrum
743 3345 962 3403 Predicatorum
974 3346 1179 3421 Lybicensium
1201 3346 1317 3404 racione
1339 3345 1471 3404 restantis

284 3446 395 3507 decime
417 3445 582 3505 sexannalis
603 3445 727 3504 insoluto
750 3446 785 3502 de
807 3444 926 3504 ciuitate
948 3454 977 3503 et
998 3446 1106 3505 diocesi
1128 3447 1314 3505 Aboensibus
1335 3476 1373 3484 -
1405 3446 1472 3521 xiij.
1574 3437 1576 3441 ¹

282 3549 347 3607 libr.
368 3556 458 3624 gro'ss.
479 3546 589 3605 Toron.

472 3650 647 3707 Habuerunt
667 3649 777 3708 litteras
799 3649 868 3725 quie
890 3648 1034 3707 notarium
1056 3669 1113 3707 non
1134 3651 1284 3709 habebam.

222 3861 225 3865 -
282 3813 349 3894 [ap]
388 3800 508 3880 Summa
532 3819 617 3878 huius
650 3819 755 3895 pagine
778 3849 817 3857 —
841 3791 908 3877 nix.
930 3819 994 3877 libr.
1018 3828 1046 3877 et
1069 3820 1128 3895 sij.
1150 3821 1203 3879 sol.
1226 3839 1317 3896 gross.
1341 3819 1442 3877 Turon
1452 3814 1472 3877 ¹.

279 4349 340 4426 De
370 4349 501 4449 legetis
534 4348 639 4424 factis
671 4350 703 4424 in
738 4346 941 4426 subsidium
974 4358 1069 4425 terre
1101 4359 1227 4426 sancte
1261 4349 1570 4429 inSuccia.r.1.e0...
1607 4416 1610 4421 .

366 4531 455 4588 Anno
478 4530 526 4587 dni
550 4539 600 4588 .m⁰.
629 4539 693 4590 cccl
721 4531 825 4607 xxxiijl
855 4532 901 4590 die
923 4533 957 4607 .ij.
981 4535 1085 4591 mensis
1107 4531 1196 4607 Junij.
1239 4534 1348 4609 Recepi
1371 4553 1389 4590 a
1415 4532 1472 4591 diro

279 4631 370 4689 Petro
392 4630 540 4708 Episcopo
564 4632 696 4692 scarensi
719 4653 771 4708 per
793 4653 895 4692 manus
914 4634 962 4691 diri
984 4633 1085 4691 Keroli
1108 4633 1267 4708 Camererij
1288 4635 1333 4692 sui
1359 4635 1394 4692 de
1430 4634 1470 4692 le·

281 4732 360 4808 gatis
380 4731 462 4791 fectis
483 4733 511 4789 in
534 4731 699 4792 Subsidium
722 4744 797 4792 terre
819 4744 918 4794 sancte
941 4746 999 4793 tem
1022 4756 1074 4812 per
1096 4736 1189 4813 ipsum
1209 4755 1298 4811 qnam
1320 4756 1372 4813 per
1398 4735 1470 4794 elias

321 4839 330 4872 ¹
347 4845 400 4896 Her
417 4845 508 4897 slutter
529 4852 581 4897 lste
599 4848 668 4911 Lag.
