3584 5625
864 483 923 544 tet

294 678 397 724 tuorum
414 670 601 735 prouiderimus
618 666 805 721 destinandum.
843 666 1013 719 serenitatem
1029 682 1151 731 rogamus
1168 667 1273 731 regiam,
1292 676 1318 720 et
1333 670 1361 719 in
1380 669 1486 722 domino

295 757 419 808 attentius
436 757 603 807 exhortamur
620 755 739 819 quatinus
756 750 883 817 prefatum
900 752 1023 803 nuncium
1040 766 1116 817 super
1133 754 1310 816 prosecutione
1333 770 1364 805 ac
1381 756 1486 821 expedi-

295 843 365 895 tione
383 841 508 892 dictorum
524 842 693 905 negociorum
710 837 778 903 lelici
795 838 889 888 habere
908 838 972 888 uelit
988 837 1114 888 celsitudo
1132 838 1204 901 regia
1221 841 1257 889 sic
1274 855 1321 905 pro
1348 840 1436 891 diuina
1461 849 1487 891 st

295 934 385 978 nostra
401 928 519 991 dictequa
536 926 603 976 sedis
620 924 765 975 reuerentia
782 921 960 996 fauorabilitsr
977 924 1184 974 commendatum
1201 925 1271 988 quod
1287 941 1335 976 nos
1353 934 1380 975 et
1397 927 1487 976 eadem

295 1010 404 1062 ecclesia
421 1011 467 1061 tibi
484 1012 621 1062 reddamur
637 1016 742 1075 propter
758 1009 809 1059 hoc
826 1008 859 1057 ad
877 1022 909 1058 ea
925 1023 974 1071 que
993 1015 1065 1059 tuum
1082 1016 1109 1059 et
1124 1022 1261 1072 regnorum
1283 1017 1386 1062 tuorum
1412 1026 1486 1062 coru·

294 1097 400 1148 modum
417 1106 444 1148 et
460 1098 586 1148 honorem
604 1094 742 1159 respicient
758 1094 849 1144 merito
866 1093 1046 1159 promptiores.
1088 1094 1186 1145 Datum
1210 1094 1341 1146 Aciniona
1364 1096 1407 1159 .rj.
1427 1094 1487 1147 ldus

281 1179 446 1246 *scemam
465 1182 630 1248 pontificatus
648 1179 729 1231 nostri
747 1194 816 1230 anuo
835 1178 896 1242 srvj.

596 1262 662 1313 (trab.
676 1264 719 1305 vu.
732 1263 778 1312 lisg.
792 1263 845 1302 secr.
858 1262 903 1302 tol.
917 1262 974 1302 xxti.
989 1272 1020 1301 n.
1036 1260 1066 1304 lli.
1080 1273 1110 1311 ap.
1125 1260 1191 1307 1882).

667 1490 715 1547 74.
763 1488 852 1547 1332.
896 1487 953 1547 8de
974 1488 1115 1547 Februar.

364 1605 498 1657 Johaunss
516 1605 649 1671 epiecopus
667 1621 687 1656 s.
706 1620 726 1655 s.
746 1605 770 1655 d.
789 1603 927 1655 venerabili
944 1602 1019 1654 fratri
1041 1640 1047 1653 .
1072 1639 1078 1652 .
1103 1604 1294 1669 archiepiscopo
1318 1604 1486 1657 Nidrosisnsi.

297 1692 406 1744 salutern
423 1699 450 1742 et
466 1691 575 1756 apostol.
594 1690 720 1742 benedict.
756 1688 822 1742 Oum
839 1703 887 1739 uos
906 1687 1028 1739 dilectum
1045 1689 1126 1739 lilium
1143 1690 1294 1753 magistrum
1306 1690 1412 1742 Petrum
1424 1690 1487 1742 Ger-

297 1776 360 1840 uasij
380 1777 532 1828 canonicum
540 1774 719 1826 Vinariensem
736 1775 876 1840 apostolice
894 1774 961 1825 sedis
973 1774 1094 1825 nuncium
1106 1790 1152 1838 pro
1165 1776 1240 1825 certis
1252 1775 1335 1827 eidem
1346 1777 1488 1827 commissis

296 1861 407 1926 nsgotijs
425 1878 481 1924 uos,
500 1869 526 1912 et
542 1861 676 1912 ecclesiam
693 1860 838 1910 Romanam
856 1858 1020 1922 tangentibus
1037 1860 1072 1909 ad
1089 1874 1132 1910 eas
1149 1867 1235 1924 partes
1254 1861 1399 1925 specialiter
1410 1863 1488 1911 desti·

295 1962 393 2010 nemus,
410 1946 596 1998 fraternitatem
613 1953 684 1996 tuam
701 1959 823 2008 rogamus
833 1945 963 2005 attentius,
975 1952 1002 1995 st
1013 1944 1154 2007 hortemur,
1167 1953 1293 2009 quatenus
1305 1948 1374 1997 circa
1385 1946 1489 1998 felicem

300 2033 491 2099 expedicionem
499 2033 663 2095 negotiorum
674 2029 829 2092 huiusmodi,
838 2044 886 2094 que
899 2030 945 2079 tibi
956 2028 1071 2093 prefatus
1083 2030 1189 2081 nuncius
1199 2030 1320 2083 seriosius
1338 2032 1488 2097 explicabit,

299 2117 405 2169 solerter
416 2133 447 2168 ac
455 2118 565 2168 fideliter
573 2116 704 2167 elaborare
714 2130 853 2179 procurans
861 2115 944 2165 eidem
953 2116 1046 2167 nuncio
1056 2116 1093 2166 sic
1102 2115 1241 2167 elficaciter
1252 2118 1372 2168 assistere
1384 2120 1488 2168 studeas

299 2218 375 2269 super
391 2204 442 2267 hiJ‘s
459 2219 506 2269 pro
524 2210 612 2253 nostra
630 2207 656 2251 et
673 2199 814 2266 apostolice
832 2201 899 2251 sedis
917 2201 1060 2251 reuerentia
1077 2201 1197 2264 consilijs,
1215 2201 1328 2266 auxilijs,
1345 2209 1372 2253 et
1392 2202 1488 2254 fauori·

298 2289 346 2340 bus
364 2288 506 2354 oportunis,
524 2288 593 2352 quod
606 2286 711 2351 proinde
723 2294 845 2348 nostram,
858 2293 884 2336 et
895 2285 1010 2335 eiusdem
1022 2286 1089 2337 sedis
1101 2287 1210 2351 gratiam
1222 2288 1324 2337 uberius
1336 2290 1488 2353 assequaris.

297 2372 396 2425 Datum
413 2373 543 2424 Auinicue
561 2371 603 2434 .vj.
621 2371 682 2422 Idus
700 2370 834 2434 Februarij
853 2370 1018 2435 pontificatus
1035 2373 1117 2422 nostri
1135 2388 1202 2423 anno
1219 2374 1406 2425 sextodecimo.

426 2458 458 2509 Ia
475 2456 572 2509 eundem
588 2455 681 2508 modum
700 2492 707 2506 .
725 2492 733 2505 .
752 2492 758 2505 .
777 2492 784 2506 .
803 2456 998 2521 archiepiscopo
1014 2456 1159 2522 Vpsalensi.

426 2542 458 2594 ln
475 2541 573 2594 suadem
590 2539 702 2592 modum.
722 2576 728 2592 .
748 2577 754 2591 .
774 2576 780 2592 .
798 2542 993 2607 archiepiscopo
1010 2541 1149 2594 Lundensi
1202 2543 1301 2595 Datum
1317 2552 1344 2594 ut
1359 2561 1443 2609 supra.

426 2627 458 2681 lc
474 2626 571 2681 eudem
587 2624 681 2677 modam
699 2662 705 2676 .
725 2662 731 2676 .
751 2662 756 2676 .
776 2663 782 2676 .
801 2626 923 2692 episcopo
940 2627 1111 2679 Rcskildensi.

558 2709 623 2760 (Atel.
637 2712 679 2751 Vst.
693 2711 739 2759 llcg.
753 2709 806 2752 Sacc.
820 2711 863 2751 ioh.
878 2711 938 2753 llxll.
952 2723 984 2763 ιιι.Ι
999 2711 1030 2751 ld.
1044 2722 1075 2762 ap.
1091 2710 1147 2761 tete,
1164 2709 1229 2757 rtet).

647 2939 696 3000 75.
736 2925 830 2999 1332.
877 2938 953 2998 10de
975 2937 1147 3002 December.

367 3056 500 3108 dohannes
517 3056 652 3121 episcopus
670 3071 690 3106 s.
709 3071 729 3107 s.
748 3057 772 3105 d.
799 3055 937 3107 venerabili
962 3053 1037 3132 fratri
1063 3093 1069 3107 .
1097 3093 1103 3106 .
1133 3057 1327 3123 archiepiscopo
1352 3057 1489 3123 Vpsalensi

300 3147 325 3193 et
342 3141 435 3192 dilecto
452 3141 506 3190 fillo
528 3140 653 3204 magistro
678 3140 756 3192 Petro
787 3140 905 3204 Geruasij
934 3143 1059 3193 canonico
1085 3141 1230 3195 Viuariensi
1256 3144 1397 3208 apostolice
1422 3147 1490 3196 sedis

298 3225 391 3277 nuncio
410 3226 519 3277 salutem
536 3232 563 3276 et
585 3227 754 3291 apostolicam
770 3227 982 3278 benedictionem.
1016 3226 1143 3278 Parduxit
1160 3226 1265 3279 infausti
1281 3231 1389 3280 rumoris
1406 3245 1490 3280 asser·

299 3309 340 3360 cic
358 3312 392 3360 ad
408 3313 490 3361 nostri
506 3310 669 3376 apostolatus
687 3312 811 3374 auditum,
834 3312 903 3375 quod
925 3311 1076 3362 venerabilis
1099 3311 1178 3365 irater
1199 3321 1287 3364 noster
1308 3313 1414 3378 Egislus
1438 3315 1490 3380 epi-

298 3409 392 3460 scopus
409 3395 557 3447 Arcsiensis
575 3411 677 3447 aserens
694 3411 804 3463 pernes
823 3396 871 3446 sibi
895 3411 1047 3448 concessum
1070 3396 1158 3459 luisse,
1183 3404 1213 3447 ut
1240 3398 1294 3461 ipse
1322 3400 1350 3450 ia
1377 3399 1491 3463 qualibet

299 3481 393 3532 diocesi
410 3481 541 3546 prouincie
558 3480 710 3545 Vpsalensis
728 3483 760 3532 de
776 3479 906 3544 beneficiis
925 3481 1103 3534 ecclesiasticis
1122 3496 1180 3533 cum
1197 3496 1268 3544 cura,
1286 3484 1329 3534 uel
1351 3485 1406 3535 siue
1428 3501 1491 3537 cura

299 3574 377 3618 ctiam
394 3567 561 3631 dignitatibus
578 3565 766 3631 personatibus,
784 3573 810 3616 et
828 3565 921 3630 officijs
938 3567 1033 3618 ibidem
1050 3567 1254 3631 consistentibus,
1269 3584 1319 3633 que
1336 3577 1409 3622 tanto
1428 3578 1491 3622 tem·

299 3667 363 3717 pore
381 3658 547 3712 uacauerant‚
565 3653 634 3716 quod
651 3666 739 3703 eorum
756 3651 861 3703 collatio
880 3659 935 3703 erat
953 3652 1032 3716 juxta
1057 3660 1155 3727 statuta
1179 3654 1361 3706 Lateraneusis
1387 3655 1489 3720 concilij

300 3738 335 3788 ad
361 3739 447 3789 sedem
469 3738 637 3803 apostolicam
663 3738 794 3800 deuolute,
820 3737 901 3788 tribus
929 3739 1045 3801 personis
1071 3738 1174 3801 singula
1197 3738 1321 3791 beneficia
1346 3741 1492 3792 huiusmodi

300 3821 465 3885 conferendo,
482 3823 602 3875 uidelicet
618 3823 735 3890 personis
752 3823 814 3888 ipsis
836 3822 944 3886 singulis
966 3824 1102 3887 prouidere
1127 3823 1226 3875 ualeret
1252 3825 1350 3877 duabus
1376 3827 1491 3887 partibus

300 3907 430 3959 fructuum
447 3908 599 3971 reddituum,
617 3916 643 3960 et
668 3916 840 3972 prouentuum
865 3908 1046 3959 beneficiorum
1070 3909 1184 3974 ipsorum
1212 3926 1229 3961 a
1257 3918 1371 3974 tempore
1397 3910 1492 3963 noticia

301 3993 444 4044 uacationis
461 3993 607 4044 huiusmodi
624 4000 802 4059 perceptorum
819 4001 906 4045 nostre
923 4008 1033 4055 camere,
1051 4001 1077 4045 et
1098 3994 1178 4046 tercia
1200 4003 1273 4060 parte
1291 3996 1393 4047 residua
1410 3996 1493 4047 eidem

300 4079 423 4144 episcopo
440 4092 488 4143 pro
505 4081 565 4142 suis,
575 4086 600 4130 et
617 4079 724 4132 ecclesie
742 4093 787 4131 sue
804 4078 950 4131 Arosieusis
962 4079 1157 4131 necessitatibus
1168 4079 1335 4146 applicandis,
1344 4088 1370 4131 et
1381 4083 1493 4146 insuper,

301 4165 371 4227 quod
389 4164 420 4214 de
438 4162 563 4215 fructibus
581 4165 760 4217 beneficiorum
778 4164 1009 4216 ecclesiasticorum
1027 4166 1104 4216 trium
1130 4165 1270 4217 diocesium
1296 4166 1410 4217 eiusdem
1434 4180 1492 4230 pro·

301 4249 385 4300 uincie
402 4247 552 4314 Vpsalensis
570 4266 622 4303 una
639 4265 697 4301 cum
712 4265 760 4302 sua
771 4250 867 4303 diocesi
878 4250 1021 4312 Arosiensi,
1031 4266 1095 4315 quas
1108 4252 1212 4302 duceret
1223 4252 1354 4316 eligendas
1368 4251 1493 4301 decimam

301 4335 466 4396 decimarum,
484 4351 533 4400 que
550 4337 683 4389 consueuit
701 4337 755 4387 dari
773 4335 886 4387 subsidio
904 4343 971 4387 terre
983 4345 1072 4388 sancte
1084 4345 1172 4401 posset
1183 4353 1228 4401 per
1239 4337 1369 4389 biennium
1380 4336 1492 4399 exigere,

300 4420 433 4485 colligere,
450 4427 476 4471 ct
492 4422 588 4473 habere
604 4423 632 4474 in
648 4438 709 4473 usus
727 4436 797 4483 suos,
814 4429 840 4472 et
857 4421 925 4472 dicte
943 4435 988 4472 sue
1003 4422 1151 4475 Arosieusis
1168 4422 1274 4474 ecclesie
1292 4422 1493 4473 conuertendam

301 4506 416 4557 diuersas
433 4506 544 4558 bullatas
561 4508 660 4558 litteras
678 4507 797 4558 exhibuit
813 4522 891 4572 super
908 4505 966 4570 hijs,
984 4514 1010 4558 et
1026 4508 1165 4571 hostendit,
1187 4522 1294 4572 quarum
1316 4513 1436 4572 pretextu
1459 4507 1492 4557 ad

300 4590 433 4654 premissa,
450 4592 494 4642 uel
510 4591 596 4656 aliqua
612 4594 644 4644 de
661 4593 712 4644 illis
730 4600 826 4644 temere
843 4592 937 4643 dicitur
953 4594 1116 4658 processisse.
1160 4591 1227 4646 cau
1249 4598 1336 4645 astam
1360 4590 1492 4645 tenoribus

301 4675 445 4726 litterarum
461 4677 606 4728 huiusmodi
623 4677 671 4729 sub
689 4677 781 4742 sigillis
798 4678 933 4730 autenticis
950 4679 1024 4731 nobis
1041 4677 1124 4730 missis
1145 4693 1192 4742 per
1218 4677 1287 4741 illos,
1313 4677 1356 4743 qui
1381 4676 1493 4728 *sunum

301 4767 428 4812 uouerunt
444 4762 560 4813 Romane
578 4763 648 4814 curie
660 4762 796 4828 diligenter
815 4763 945 4830 inspectis,
957 4780 1011 4816 uon
1022 4765 1158 4815 credantur
1170 4763 1237 4814 dicte
1253 4762 1338 4813 littere
1356 4763 1387 4812 de
1404 4769 1493 4813 nostra

301 4847 374 4898 curia
399 4861 540 4911 emanasse,
563 4862 611 4899 uec
628 4854 718 4900 nostra
735 4855 822 4902 uuest
838 4851 962 4903 memoria
979 4850 1048 4902 dicto
1066 4848 1197 4917 episcopo,
1214 4848 1257 4898 uel
1280 4849 1430 4912 cuicumque
1456 4847 1493 4899 ali

1229 4917 1293 4980 12*
