3584 5625
350 856 401 928 De
427 876 530 926 censu
558 852 701 925 ecclesie
728 853 877 924 Romane
903 850 1052 946 predicto
1084 857 1116 923 in
1143 854 1262 944 Regno
1290 855 1422 926 Suecie.
1493 874 1579 913 ror-em

378 1029 453 1087 Item
476 1046 552 1086 armo
574 1046 633 1104 quo
655 1045 750 1103 supra.
772 1027 817 1084 die
840 1044 896 1084 αν.
920 1024 1026 1083 mensis
1047 1024 1127 1100 Maii.
1159 1027 1269 1104 Recepi
1293 1045 1311 1084 a
1333 1027 1391 1086 dfio
1412 1027 1480 1087 Jor-

296 1127 372 1188 dsno
393 1148 537 1207 yconomo
559 1128 679 1188 ecclesio
692 1127 864 1204 Vpsalensis
886 1128 921 1185 de
941 1123 1038 1185 Oeneu
1060 1127 1182 1187 ecclesie
1204 1129 1335 1188 Romane
1358 1128 1481 1188 collecto

294 1229 325 1289 in
359 1229 476 1288 ciuitate
509 1239 538 1289 et
570 1230 677 1289 diocesi
710 1228 932 1306 Vpsalensibus.
986 1231 1075 1288 Anno
1098 1230 1147 1287 dini
1170 1237 1220 1287 .m⁰.
1243 1238 1307 1289 cccl
1327 1229 1431 1304 xxviijt
1454 1239 1482 1288 et

294 1330 360 1408 alijs
379 1331 449 1408 .iiij⁰.¹
463 1331 649 1408 sequentibus
670 1330 752 1389 annis
772 1357 813 1367 —
835 1348 930 1388 cxxv.
960 1348 1047 1389 mare.
1070 1331 1134 1389 den.
1157 1330 1329 1391 Suanorum.

381 1431 490 1509 .xxviij.
514 1451 600 1490 merc.
622 1432 733 1506 argenti
757 1431 892 1508 ponderis
914 1430 1150 1492 Stokholmensis.

625 1530 746 1608 Recepit
761 1532 988 1608 jnstrumentum
1011 1531 1152 1592 Jaccbue.

379 1721 452 1778 Item
476 1738 553 1778 anno
574 1717 622 1775 dini
645 1723 696 1776 ,ml
719 1725 782 1776 ccci
804 1717 939 1794 xxxviiij‘!
962 1717 1007 1776 die
1029 1717 1093 1776 xix!
1116 1719 1220 1778 mensis
1242 1717 1402 1796 Februarij.
1423 1720 1482 1777 Re·

296 1823 360 1899 cepi
382 1842 400 1880 a
422 1821 480 1879 diro
502 1821 638 1879 Johanne
660 1819 872 1896 archidyacono
895 1819 1071 1896 Lincopensi
1094 1821 1131 1879 de
1160 1826 1247 1880 censu
1279 1820 1400 1880 ecclesie
1421 1822 1482 1880 Ro·

297 1944 379 1983 mane
408 1923 503 1983 soluto
531 1922 561 1979 in
583 1932 660 1980 terra
683 1920 842 1981 Gotlandie
864 1920 1054 1998 Lincopensis
1077 1922 1260 1982 diocesis-
1285 1922 1361 1997 lviij.
1382 1922 1481 1980 floren.

667 2123 780 2182 Habuit
800 2123 912 2183 litteras
933 2126 986 2183 sub
1008 2124 1115 2202 sigillo.

877 2311 970 2351 cxxv.
993 2312 1082 2352 marc.
1105 2302 1220 2351 monete
1242 2293 1377 2354 Sueuice.

877 2377 986 2454 .xxviij.
1018 2398 1107 2437 marc.
1139 2378 1250 2454 argenti
1283 2378 1320 2436 ad
1350 2378 1485 2454 ponderis

920 2461 1159 2521 Stokholmensis.

878 2546 955 2623 ‚lviij.
976 2548 1075 2606 floren.
1098 2547 1169 2605 euri.

878 2628 950 2706 .iiij⁰.'
963 2633 1027 2690 den.
1049 2651 1141 2708 gross.
1163 2631 1386 2691 Turonensium.

879 2715 905 2790 j.
927 2718 1090 2794 sterlingus.

341 2503 408 2583 [apl
458 2506 579 2567 Summe
608 2505 693 2564 huius
725 2504 830 2580 pagine

866 2887 973 2963 pxxvj.
995 2887 1060 2945 libr.
1084 2896 1113 2946 et
1135 2886 1190 2963 .xij.
1222 2886 1275 2946 sol.
1306 2905 1397 2963 gross.
1420 2889 1483 2948 Tu·
1499 2909 1585 2949 mma.

926 2989 1101 3048 renensium.

884 3090 921 3166 ij.
944 3091 1008 3149 libr.
1030 3090 1070 3166 xj.
1092 3090 1143 3150 sol.
1165 3109 1239 3150 cum.
1266 3089 1293 3164 j.
1321 3091 1384 3150 den.
1413 3100 1484 3149 ster·

334 3201 409 3284 [ap]
454 3193 575 3253 Summe
595 3211 772 3251 summarum
795 3211 854 3251 om·
925 3191 1079 3268 lingonum.
1155 3236 1157 3243 .

452 3294 855 3370 niumperceptorumichg·
884 3292 930 3368 .in
948 3293 1002 3369 vijt
1022 3311 1094 3352 xxx.
1115 3312 1203 3352 merc.
1225 3312 1252 3352 v.
1282 3311 1324 3351 or.
1358 3304 1387 3353 et
1418 3292 1488 3368 niijc

341 3394 378 3495 β
452 3395 606 3455 noSuecie
619 3414 655 3455 ex
672 3414 856 3471 quacumque
927 3395 991 3454 den.
1014 3403 1128 3453 monete
1150 3393 1284 3455 Sueuice.

453 3513 550 3554 causa.
885 3496 1018 3572 ,cclxviii
1041 3514 1129 3553 merc.
1151 3495 1190 3571 iij.
1212 3514 1253 3553 or.
1271 3506 1300 3554 et
1314 3497 1365 3556 sol.
1377 3497 1488 3572 argenti

927 3597 1062 3674 ponderis
1084 3594 1320 3656 Stokholmensis.

885 3699 1045 3774 ‚cccclxxii
1066 3699 1163 3755 floren.
1184 3697 1276 3773 parui.

885 3800 911 3875 j.
935 3802 999 3859 den.
1022 3803 1086 3860 auri
1108 3804 1268 3862 demessa.

744 4068 1046 4078 ·-—--·—-·——--——

361 4310 419 4388 lle
451 4314 611 4423 receptis
642 4334 689 4388 ex
719 4310 894 4390 fructibus
926 4312 1187 4392 beneficiorum
1215 4315 1427 4390 vacancium
1500 4288 1589 4379 iiiiii?

756 4450 790 4525 in
821 4445 1037 4550 Norwegia.

389 4629 476 4686 Anno
499 4629 547 4685 dni
570 4638 620 4687 .m⁰.
643 4637 707 4689 ccct
729 4630 834 4706 xxxiijl
856 4632 902 4689 die
925 4630 1037 4708 xxviij!
1058 4631 1164 4691 mensis
1186 4630 1266 4706 Junij
1286 4629 1382 4705 recepi
1399 4648 1417 4687 a
1433 4630 1491 4687 dfio

305 4728 479 4788 Germundo
502 4731 642 4789 canonico
666 4730 786 4790 ecclesie
808 4730 959 4793 Osloensis
987 4733 1104 4791 racione
1132 4733 1277 4792 bucinum
1309 4731 1393 4807 primi
1424 4732 1493 4788 anni

305 4825 511 4889 beneficiorum
534 4831 642 4887 dudum
665 4849 718 4906 per
739 4832 893 4893 Biennium
915 4835 1086 4893 vaoencium
1114 4835 1143 4892 in
1176 4832 1293 4893 ciuitate
1326 4841 1355 4890 et
1386 4832 1494 4891 diocesi
