3584 5625
855 449 895 513 86

180 643 279 686 mn...
771 636 973 707 Arosiensis.

364 773 695 854 Decimauepiscopetus
716 773 881 833 Arosieusis
903 774 932 832 in
954 794 1044 851 regno
1065 773 1177 834 Swecie
1199 776 1326 833 aseendit
1360 778 1396 834 de
1425 776 1473 851 .vj.

279 873 362 932 annis
384 874 421 931 ad
444 892 489 931 .m.
512 894 537 934 c.
560 884 589 932 et
611 874 687 950 .xvij.
709 895 822 933 meroes
843 895 909 933 cum
932 876 1051 934 dimidio
1072 886 1246 933 numeratas.
1268 896 1361 953 parue
1378 898 1472 955 pecu·

279 973 332 1030 nie.
356 993 412 1049 que
431 974 555 1050 pecunia
577 975 687 1033 decime
708 976 743 1033 de
765 996 817 1034 sex
839 977 922 1035 annis
945 978 1068 1036 collecte
1089 987 1118 1035 et
1138 987 1254 1054 reperto
1272 977 1324 1035 luit
1334 979 1364 1036 in
1376 981 1470 1037 saeri-

279 1074 334 1132 stia
356 1075 477 1133 ecclesie
493 1077 668 1136 Arosiensis.
685 1087 714 1135 et
735 1097 787 1154 per
808 1097 853 1135 me
874 1077 991 1135 fratrem
1003 1077 1163 1151 Iohannem
1179 1080 1215 1137 de
1227 1079 1471 1157 Seronerecepts

278 1174 331 1234 fuit
351 1176 380 1234 in
403 1178 518 1234 modum
542 1179 592 1254 qui
614 1178 753 1255 sequitur.

361 1278 449 1335 Anno
472 1278 530 1354 dnj·
543 1280 693 1339 millesimo
716 1288 788 1338 cccl
809 1280 903 1355 xxvij‘!
925 1292 954 1338 et
977 1280 1071 1357 .xxiij!
1093 1282 1138 1338 die
1168 1282 1273 1340 mensis
1294 1281 1469 1341 Decembris

272 1397 332 1455 ego
354 1377 441 1438 irater
462 1380 607 1439 Iohannes
629 1383 664 1439 de
686 1381 795 1441 Serone
817 1383 913 1457 recepi
936 1382 971 1439 de
1003 1384 1128 1458 pecunia
1161 1382 1272 1441 decime
1295 1384 1468 1443 sexennelis

278 1479 461 1556 episcopatus
480 1482 654 1541 Arosiensis.
683 1502 701 1540 a
729 1482 844 1540 domino
876 1483 1013 1559 Philippo
1046 1484 1201 1560 preposito.
1246 1483 1404 1543 Thiderico
1438 1496 1469 1544 et

278 1582 385 1641 Oarolo
407 1584 555 1641 canonicis
576 1584 697 1643 ecclesie
718 1584 890 1643 Arosiensis.
912 1569 948 1641 in.
971 1606 995 1641 c.
1018 1585 1086 1660 xvij.
1109 1605 1221 1643 mareas
1249 1605 1315 1643 cum
1348 1587 1469 1645 dimidia

277 1702 368 1759 perne
390 1684 520 1759 pecunie.
543 1684 701 1762 dequibus
734 1695 816 1745 erant
841 1686 871 1743 in
903 1706 996 1763 parua
1030 1687 1154 1762 pecunia
1188 1706 1233 1743 .m.
1266 1686 1317 1743 xli.
1349 1690 1467 1745 marche

277 1804 369 1861 paruo
391 1795 513 1843 monete.
537 1795 565 1843 et
587 1787 664 1844 .xvii.
686 1791 801 1847 marche
824 1790 944 1864 ergentj.
966 1788 1003 1845 ad
1027 1788 1140 1863 pondus
1162 1788 1197 1844 ‹lo
1220 1787 1383 1846 Stocolmis.
1409 1809 1467 1865 que

276 1886 391 1944 fuorunt
413 1886 555 1944 calculate
578 1896 607 1944 et
640 1899 805 1965 computate
839 1890 867 1947 in
900 1890 981 1947 totali
1004 1908 1117 1947 summe
1147 1908 1200 1964 pro
1222 1888 1319 1963 lxxvj.
1341 1891 1467 1948 marchis

277 1998 306 2045 et
327 1988 384 2064 iiij.
407 1988 464 2046 oris
483 2008 574 2064 parue
596 1990 727 2065 pecunie.
751 1963 880 2068 qinalibet
902 1978 1001 2050 merca
1023 1990 1133 2065 ergentj
1162 2009 1216 2067 pro
1247 1989 1304 2064 ,iiij.
1337 1993 1466 2051 marchis

278 2109 342 2149 eum
363 2090 481 2147 dimidie
501 2091 576 2148 dicte
599 2110 689 2166 parue
711 2093 834 2168 pecunie
856 2087 1073 2169 [computoteP.

361 2192 408 2250 De
430 2192 535 2268 quibus
557 2193 610 2250 d1'1s
632 2212 684 2250 rex
703 2194 869 2268 Norwegie.
893 2194 995 2251 habuit
1016 2191 1199 2250 medietatem
1222 2193 1259 2248 de
1281 2193 1414 2252 omnibus
1438 2205 1469 2276 et¹

276 2293 396 2369 singulis
417 2293 599 2370 supradietis.
1474 2271 1480 2283 ¹

360 2394 515 2471 Reliquam
538 2414 608 2452 vero
630 2396 813 2453 medietatem
834 2395 939 2452 retinui
960 2415 1013 2471 pro
1028 2414 1143 2452 comere
1160 2394 1208 2471 d1‘1j
1225 2415 1308 2471 pape.
1328 2396 1466 2454 videlicet

278 2496 344 2571 .viij.
368 2510 481 2555 marcas
504 2514 570 2553 cum
593 2496 710 2553 dimidiu
733 2496 841 2573 argentj
865 2515 918 2571 pro
939 2495 1069 2571 .xnviij.
1093 2498 1216 2555 marchis
1245 2517 1310 2555 cum
1341 2496 1376 2570 .ij.
1406 2498 1465 2554 oris

277 2598 459 2656 denariorum
483 2596 661 2656 Sweuorum.
684 2599 721 2656 ad
742 2599 855 2675 pondus
878 2598 915 2655 de
937 2597 1099 2656 Stooolmis.

360 2699 434 2757 Item
457 2706 497 2756 .v0.
518 2719 567 2756 xx.
590 2719 675 2759 marc.
700 2720 765 2759 cum
788 2700 905 2757 dimidia
927 2718 1018 2775 paruo
1041 2698 1170 2775 pecunie.

959 2902 1026 2976 .viij.
1038 2922 1126 2960 marc.
1139 2922 1204 2960 cum
1222 2902 1340 2960 dimidia
1352 2903 1465 2979 argenti

991 2988 1028 3044 ud
1048 2988 1161 3064 pondus
1179 2989 1215 3045 de
1234 2986 1398 3046 Stocolmis.
1458 3030 1466 3041 .

278 3063 352 3146 [ap]
376 3070 928 3149 SummnpoginedeRec.p1·ocamera
959 3079 1000 3131 ,vt
1033 3091 1082 3128 xx.
1121 3092 1210 3131 marc.
1244 3091 1310 3129 cum
1347 3072 1466 3130 dimidia

991 3176 1080 3232 perne
1102 3166 1225 3215 monete.

445 3425 564 3485 Summo
587 3425 770 3485 Summarum
791 3429 970 3503 recepcioois
992 3429 1103 3485 decime
1124 3428 1153 3483 in
1175 3424 1398 3501 regnoSwecie.
1413 3446 1465 3503 per

360 3546 412 3585 nos
433 3526 549 3584 fratrem
571 3528 730 3586 Iohannem
754 3529 790 3586 de
812 3528 922 3588 Serene
945 3538 973 3586 et
995 3529 1177 3586 Be1·nordum
1200 3527 1237 3584 de
1259 3526 1377 3586 Ortolis.
1400 3536 1444 3585 est

505 3695 555 3770 .vj0.
576 3697 633 3773 xvj.
656 3717 745 3754 marc.
766 3696 805 3771 iij.
827 3717 892 3756 vno.
917 3718 982 3756 eum
1006 3698 1123 3755 dimidia
1146 3696 1257 3774 argenti
1283 3694 1321 3753 ad
1350 3696 1464 3770 pondus

548 3799 583 3855 de
606 3799 769 3858 Stoeolmis.

507 3918 540 3956 .c.
563 3899 602 3956 lx.
627 3920 714 3958 merc.
736 3899 763 3974 ij.
791 3918 855 3958 voc.
889 3921 954 3958 cum
987 3901 1106 3958 dimidia
1135 3899 1247 3975 argenti
1280 3898 1318 3955 od
1350 3899 1464 3974 pondus

548 4001 583 4058 de
606 4000 769 4061 Stocolmis.

507 4100 551 4176 .vj.
573 4104 634 4162 flor.
657 4102 728 4178 aurj.

277 4199 345 4278 [ap]
358 4203 478 4262 Summo
505 4202 530 4260 .i.
544 4223 630 4262 marc.
642 4224 707 4262 oum
720 4204 837 4262 dimidie
854 4223 919 4262 vno.
937 4214 965 4261 et
987 4203 1160 4261 duodecimo
1181 4222 1249 4279 pars
1272 4203 1356 4261 vnius
1378 4204 1462 4261 vncie

405 4290 407 4294 Α
548 4306 610 4363 auri
632 4307 669 4364 ad
691 4307 805 4382 pondus
827 4306 862 4363 de
881 4305 1049 4385 'Stooolmis

505 4508 570 4582 .xvj.
592 4509 643 4567 sol.
667 4510 764 4567 denar.
786 4528 952 4585 grossorum
975 4508 1010 4564 de
1036 4505 1159 4564 Boemia
1181 4505 1302 4582 ergentj.

505 4629 602 4666 .xxxv.
624 4611 688 4668 libr.
711 4611 771 4667 xix.
791 4610 843 4668 sol.
862 4629 888 4665 v.
912 4610 976 4666 den.
996 4609 1123 4684 sterling.
1145 4606 1265 4683 argentj.

486 4709 561 4783 t.iijr
579 4710 643 4786 cvij.
665 4731 751 4770 marc.
774 4710 821 4785 vij.
843 4730 908 4769 vno.
929 4709 968 4785 iij.
990 4709 1053 4765 den.
1078 4727 1168 4785 paruo
1190 4708 1312 4784 pecunie
1340 4708 1461 4767 Swecie.

311 4819 319 4850 ¹
338 4825 417 4874 Dette
435 4824 489 4875 Ord
507 4825 568 4887 mgl.
587 4825 593 4872 i
613 4825 769 4887 Originolen.

717 4940 1019 4949 .....--—--—-—---—·
