3584 5625
933 495 992 563 tta

365 686 487 755 pit'copis‚
505 696 531 738 et
548 686 683 754 episcopis,
701 700 731 736 tc
749 687 848 737 dilectit
865 686 927 749 filijs
945 724 951 735 .
971 723 977 736 .
996 685 1131 738 abbatibus
1149 726 1155 740 .
1174 725 1180 738 .
1200 688 1326 754 prionhus
1353 725 1360 738 .
1387 724 1394 737 .
1420 685 1559 753 prepositis

366 809 373 823 .
392 810 399 823 .
418 774 529 836 decenis,
547 772 673 841 capitulis,
691 771 815 835 collegiis,
834 757 1083 834 conuentibus‚'tam
1101 773 1267 834 secularibus,
1285 788 1362 839 quotu
1389 773 1560 836 regularibus,

366 860 492 923 exemptis
509 867 535 907 et
552 871 605 908 uon
623 857 757 921 exemptis,
776 858 893 905 ordinum
910 870 1124 921 quorumcunque,
1142 873 1241 908 necnon
1264 860 1397 909 domorum
1423 858 1561 922 hospitalis

366 924 448 994 ssacti
467 943 595 993 Johunuia
613 941 825 1024 ‹ierosolimitani
842 942 917 991 beate
943 941 1025 991 Meris
1051 942 1278 1006 Theotouicornm,
1307 949 1334 993 et
1357 942 1561 1003 Celetreuensis,

366 1029 503 1091 magistris,
521 1027 649 1093 prioribus
666 1035 693 1075 et
709 1025 901 1091 preceptoribus
918 1028 944 1075 in
960 1025 1086 1091 Norweye
1103 1027 1199 1077 Specie
1216 1043 1247 1077 se
1274 1028 1355 1079 Gocie
1383 1028 1469 1091 regnis
1498 1042 1561 1077 con-

274 1100 275 1104 *
366 1112 471 1171 obtutis,
489 1127 536 1175 pro
553 1114 711 1175 repressione
729 1112 897 1162 hereticorum
916 1120 942 1160 et
958 1112 1097 1161 infidelium
1114 1114 1237 1162 aduersus
1266 1115 1342 1163 deum
1368 1119 1395 1161 et
1423 1113 1560 1161 ecclesiam

324 1209 327 1217 ·
367 1211 397 1247 sc
414 1198 491 1248 fldem
508 1197 669 1257 catholicam,
687 1196 713 1245 in
731 1196 839 1245 diuersis
856 1195 932 1245 Italis
949 1196 1064 1259 partibus
1081 1197 1219 1247 crudeliter
1236 1198 1393 1247 seuieucium
1411 1205 1437 1248 et
1451 1213 1560 1263 suppor-

368 1283 451 1332 tsadis
468 1280 647 1346 multiplicium
675 1295 844 1345 expensarum
870 1281 990 1330 oneribus
1017 1281 1124 1331 ecclesie
1150 1282 1266 1332 Boutme
1292 1282 1496 1333 incumbentibus
1527 1291 1560 1330 cx

365 1368 505 1431 premissis,
522 1367 555 1415 ad
573 1380 622 1428 que
639 1368 697 1430 ipsa
714 1366 823 1416 ecclesis
839 1380 886 1428 per
901 1380 930 1415 se
948 1380 1000 1415 uon
1019 1364 1123 1427 suflicit,
1148 1381 1195 1430 per
1222 1367 1287 1418 alias
1313 1375 1416 1417 nostras
1444 1368 1559 1416 diuersas

365 1452 464 1501 littores
482 1449 623 1501 subsidium
641 1450 809 1513 imploramus
826 1452 852 1500 in
871 1451 967 1500 eisdem
985 1451 1075 1500 litteris
1102 1451 1282 1502 nichilominus
1310 1453 1502 1515 subiungontes‚
1531 1436 1560 1499 ut

365 1537 440 1586 uobis
458 1543 484 1585 et
502 1543 615 1585 nestrum
633 1535 738 1584 cuilibet
753 1535 891 1585 insolidum
910 1541 973 1598 quo's
991 1537 1023 1584 ad
1050 1537 1119 1585 dicta
1143 1551 1224 1600 regna
1249 1544 1354 1602 propter
1378 1538 1426 1587 hec
1456 1543 1482 1586 et
1509 1536 1561 1585 aliu

366 1629 462 1681 nostre,
480 1628 506 1671 et
523 1620 630 1670 ecclesie
645 1623 786 1670 ‘memorate
816 1622 926 1684 negocio
953 1620 1112 1684 procidimus
1142 1623 1314 1684 destinandos,
1340 1630 1430 1672 curent
1456 1623 1483 1671 in
1509 1622 1559 1670 hec

365 1716 438 1771 parte
458 1706 569 1765 credere,
588 1720 618 1754 uc
636 1705 712 1754 fidem
729 1705 861 1755 indubium
878 1705 1007 1754 adhibere.
1042 1704 1098 1755 Nos
1116 1708 1284 1769 attendentes,
1302 1708 1494 1771 quodpropter
1519 1707 1560 1755 lo·

365 1805 454 1842 corum
473 1791 601 1840 districtus
619 1798 645 1840 et
662 1790 770 1839 marium
794 1789 917 1853 pericula,
935 1796 961 1840 et
974 1790 1087 1839 aliorum
1105 1792 1270 1854 negociorum
1296 1793 1485 1860 occupationes*
1508 1806 1560 1841 non

366 1876 476 1941 possetis
494 1874 604 1925 forsitan
621 1876 655 1924 sd
672 1875 731 1925 loca
748 1882 775 1924 et
791 1887 914 1939 personas
933 1875 1043 1938 singula,
1062 1877 1093 1925 de
1111 1876 1202 1940 quibus
1222 1884 1289 1926 esset
1305 1892 1353 1940 pro
1375 1878 1497 1941 predictis
1514 1881 1561 1926 ex·

366 1960 481 2025 peditus,
498 1959 669 2022 personaliter
685 1974 732 2010 nos
750 1957 875 2019 conferre,
894 1967 924 2009 ut
940 1961 1051 2023 quando,
1069 1961 1111 2009 ubi
1130 1976 1161 2010 ec
1179 1963 1299 2024 quociens
1318 1963 1491 2026 cognoueritia
1509 1976 1561 2010 ex-

366 2046 461 2109 pedire,
478 2046 642 2110 prelatis‚vel
660 2044 717 2108 slijs
735 2044 852 2109 personis
870 2043 1059 2105 ecclesiasticis,
1078 2047 1110 2095 de
1129 2047 1218 2110 quibus
1237 2047 1310 2097 uobis
1328 2047 1465 2107 uidebitur,
1474 2048 1561 2095 unles-

367 2133 400 2180 tls
417 2143 494 2193 super
510 2130 560 2193 hijs
578 2131 738 2179 committere
755 2130 824 2179 vices
850 2135 964 2190 iestrssp
985 2130 1058 2179 uobis
1085 2141 1112 2180 et
1136 2140 1249 2182 uestrum
1276 2132 1380 2181 cuilibet
1406 2132 1508 2197 plenam
1535 2140 1562 2180 et

365 2216 473 2265 liberam
490 2214 654 2265 concedimus
671 2222 760 2263 tenore
777 2214 938 2279 presencium
961 2214 1119 2265 facultatem.
1165 2217 1263 2267 Datum
1290 2217 1419 2266 Aninione
1445 2233 1480 2267 .x.
1507 2216 1561 2266 lrsl.

367 2300 487 2353 Octobris
505 2300 670 2366 pontillcstus
687 2299 768 2349 nostri
787 2314 855 2349 enno
873 2301 1009 2351 undecimo
1018 2296 1037 2350 ¹.

677 2382 745 2426 (Asel.
762 2384 804 2422 Vnt.
819 2384 864 2430 neg.
879 2385 932 2424 Scor.
946 2384 988 2424 ioh.
1002 2385 1062 2425 xxti.
1077 2385 1123 2424 ihil.
1140 2395 1168 2433 ep.
1184 2383 1250 2428 tous).

1058 2583 1063 2587 .
1519 2558 1528 2586 6

714 2593 764 2651 63.
809 2594 899 2652 1327.
947 2590 1009 2652 ls'te
1031 2593 1213 2670 September.

434 2706 568 2759 iohannes
586 2706 721 2771 episcopus
739 2724 759 2757 s.
779 2724 798 2757 s.
818 2710 842 2757 d.
861 2710 993 2759 carissimo
1011 2708 1038 2758 in
1055 2707 1158 2777 Christo
1176 2709 1229 2758 lilio
1246 2707 1344 2772 Magno
1361 2709 1416 2772 regi
1433 2708 1560 2773 Norw'eye

367 2792 468 2854 illustri
488 2794 598 2845 salutem
615 2801 642 2843 et
658 2793 830 2857 apostolicam
846 2792 1058 2844 benedictionem.
1101 2792 1163 2845 Non
1191 2795 1247 2844 sina
1277 2794 1367 2857 grendi
1390 2795 1560 2846 admiratione

367 2886 488 2944 percepto
507 2880 576 2943 quod
593 2879 678 2942 nuncii
702 2879 776 2942 regn,
802 2895 865 2944 quos
890 2880 990 2945 pridem
1012 2879 1044 2928 ad
1066 2887 1182 2929 nostrum
1207 2880 1366 2945 presencium
1392 2889 1437 2929 tus
1462 2882 1561 2944 magni-

367 2965 474 3014 licencia
503 2964 643 3014 destinauit
668 2965 784 3025 nuncios,
809 2979 890 3029 nuper
916 2965 949 3014 sd
975 2971 1061 3028 partes
1091 2979 1228 3026 regnorum
1257 2975 1359 3014 tuorum
1387 2967 1560 3024 transmissos,

367 3047 466 3099 deferre
483 3049 581 3098 litteras
599 3063 645 3113 per
662 3064 724 3112 ques
742 3056 825 3098 totam
842 3050 978 3112 pecuniam
995 3049 1093 3098 decime
1110 3049 1258 3101 sexcunalis
1275 3064 1413 3112 regnorum
1431 3052 1561 3114 predicto·

367 3144 422 3182 rum
441 3133 487 3182 tibi
504 3136 656 3184 mundemus
674 3133 780 3184 concedi
798 3148 912 3182 ssserero
929 3134 955 3182 iu
972 3143 1018 3182 tue
1034 3133 1168 3197 precenaiu
1185 3134 1247 3183 licet
1263 3137 1289 3184 id
1301 3137 1403 3185 ueritati
1413 3135 1560 3186 sitobuium

366 3227 583 3284 presumpserunt,
601 3218 716 3282 regalem
733 3218 918 3280 excellenciam
935 3224 1006 3266 tuam
1024 3218 1144 3266 uolumus
1163 3234 1214 3267 non
1230 3220 1319 3280 lutere,
1337 3221 1406 3282 quod
1435 3233 1483 3269 nos
1510 3221 1560 3269 tnis

328 3311 332 3337 ἰ
368 3311 395 3352 et
410 3312 668 3366 regnorumtuorum
685 3302 881 3353 necessitatibus
899 3302 990 3365 quibus
1007 3301 1102 3352 affectu
1119 3312 1227 3368 paterno
1246 3304 1417 3368 compatimur
1426 3305 1561 3367 diligenter
1586 3301 1589 3308 '

367 3389 471 3438 utteutis
489 3396 516 3438 et
531 3389 709 3439 nichilominus
727 3391 827 3453 mugnis
845 3388 963 3438 oneribus
990 3401 1160 3451 expensarum
1190 3389 1281 3451 quibus
1307 3388 1418 3438 ecclesis
1442 3389 1561 3439 Romans

367 3473 501 3536 presertim
517 3489 565 3539 pro
583 3473 749 3538 reprimendis
767 3473 938 3522 hereticorum
955 3480 982 3521 et
1007 3472 1147 3522 infidelium
1173 3474 1296 3523 aduersus
1326 3476 1402 3523 deum
1428 3482 1455 3522 et
1479 3475 1561 3538 ipsam

368 3556 504 3607 ecclesium
521 3558 647 3622 fidemque
665 3558 820 3607 catholicam
846 3557 872 3606 in
894 3557 1001 3606 diuersis
1028 3556 1103 3606 Italic
1132 3559 1246 3622 partibus
1272 3559 1430 3608 seuiencium
1456 3559 1562 3609 ausibus
1584 3542 1598 3579 '

368 3642 512 3705 temerarijs
530 3652 700 3708 pregrsuatur
716 3645 742 3692 in
760 3642 990 3692 considerationem
1009 3643 1124 3692 deductis
1142 3651 1238 3692 certam
1249 3651 1355 3707 partem
1380 3645 1489 3707 pecunie
1519 3646 1562 3694 de·

368 3725 433 3776 cirne
450 3727 575 3791 prelibste
593 3728 638 3777 tibi
651 3742 697 3790 per
714 3729 821 3777 nuncios
839 3727 909 3790 ipsos
928 3728 975 3778 sub
993 3727 1069 3776 certis
1086 3728 1170 3777 modis
1189 3736 1214 3776 ct
1241 3727 1329 3777 formis
1355 3728 1463 3778 concedi
1490 3744 1562 3779 mnn-

368 3813 486 3861 d'auimus
503 3826 557 3878 per·
567 3821 591 3862 te
609 3813 662 3862 aliu
678 3827 724 3878 pro
742 3811 936 3862 necessitatibus
954 3812 1062 3862 ecclesie
1080 3820 1220 3862 memorate
1237 3819 1337 3861 retenta
1349 3814 1416 3862 sicut
1427 3816 1454 3864 iu
1469 3814 1562 3864 litteris

369 3897 464 3947 uostris
482 3897 605 3948 conlectis
623 3913 699 3962 super
716 3899 766 3947 hoc
785 3898 929 3946 continetur
945 3897 1047 3961 plenius
1064 3904 1090 3946 et
1116 3897 1178 3947 dicti
1203 3897 1288 3959 nuncij
1316 3896 1411 3948 referre
1439 3908 1564 3962 poterunt

367 3981 431 4033 uiua
447 3997 519 4032 uoce.
556 3981 684 4043 Quocirca
701 3981 864 4032 serenitatem
882 3998 1004 4044 rogamus
1021 3983 1120 4045 regiam
1136 3974 1263 4032 attencius
1283 3989 1312 4031 et
1337 3983 1472 4032 hortemur
1500 4000 1564 4049 qun

369 4065 436 4116 tinus
454 4075 526 4130 parte
544 4068 611 4117 diets
629 4067 726 4117 decime
744 4081 821 4129 quem
838 4067 944 4131 predicti
962 4069 1046 4118 nostri
1062 4066 1149 4129 nuncij
1168 4067 1214 4116 tibi
1231 4067 1268 4115 fili
1286 4067 1415 4117 carissime
1433 4076 1524 4120 nostro
1537 4078 1565 4119 et

358 4152 476 4203 ‚ecclesis
494 4159 634 4203 memorate
652 4152 754 4201 nomine
772 4152 892 4200 duxerint
909 4154 1099 4203 concedendam
1117 4167 1174 4201 cum
1192 4151 1333 4214 mederum
1347 4152 1448 4202 actione
1458 4163 1564 4219 receptu

370 4251 445 4296 super
462 4235 668 4286 eliedoferende
684 4251 730 4300 per
747 4236 849 4286 eosdem
867 4237 974 4287 nuncios
1000 4238 1034 4287 ed
1060 4239 1146 4287 sedem
1171 4237 1339 4301 apostolicum
1365 4237 1408 4286 ael
1435 4237 1564 4289 mittenda

369 4329 396 4369 et
412 4320 469 4382 alijs
487 4316 603 4384 negoci‘js
621 4323 657 4370 eis
674 4321 701 4371 in
718 4322 803 4384 regnis
821 4321 941 4384 predictis
959 4323 1100 4372 commissis
1119 4323 1155 4372 sic
1181 4322 1250 4382 ipsos
1280 4321 1343 4371 uelit
1368 4322 1463 4372 habere
1488 4326 1564 4388 regie

370 4404 513 4455 sublimitas
530 4407 680 4470 propensius
707 4407 900 4455 commendatos
926 4409 994 4469 qnod
1019 4416 1104 4472 preter
1129 4407 1303 4457 retributionis
1326 4414 1412 4456 eterne
1435 4409 1563 4470 premium
1597 4455 1602 4464 ,

370 4489 530 4539 nostrsm'ct
548 4492 661 4541 eiusdem
679 4490 746 4540 sedis
762 4491 967 4541 benedictionem
985 4499 1011 4541 et
1028 4492 1142 4555 graciam
1170 4491 1272 4542 uberius
1299 4493 1427 4542 merseris.
1462 4493 1563 4545 Deturn

370 4573 500 4626 Auinione
517 4575 569 4627 kal.
587 4576 744 4640 Septembris
761 4576 922 4640 pontificatus
940 4577 1023 4628 nostri
1041 4591 1109 4625 anuo
1127 4576 1267 4627 undecimo.

594 4656 660 4707 {hrth
675 4661 717 4701 vat.
731 4661 777 4708 lteg.
792 4662 844 4701 Secu.
857 4661 900 4698 Joh.
915 4661 971 4700 xxti.
986 4661 1005 4700 T.
1020 4660 1050 4698 l'l.
1065 4671 1096 4697 an.
1112 4660 1143 4699 xl.
1157 4660 1190 4697 lul.
1205 4660 1235 4698 56.
1249 4671 1279 4709 ep.
1293 4657 1347 4702 ult),

401 4789 476 4834 'neue
490 4796 545 4843 lires,
560 4795 593 4835 der
606 4806 667 4843 ogsaa
682 4797 741 4835 lludss
754 4799 760 4834 i
773 4797 844 4834 'lsxten
859 4795 886 4843 ls.
903 4796 925 4850 ψ
940 4789 971 4840 h),
986 4806 1005 4832 er
1020 4795 1052 4832 ter
1065 4785 1101 4842 pa'u
1117 4794 1180 4833 urunt
1194 4795 1216 4833 ai
1234 4798 1291 4842 negle
1312 4794 1419 4841 tirigelser
1439 4807 1465 4844 og
1486 4803 1504 4835 ct
1526 4797 1562 4837 l’at

422 4861 512 4901 indisbus
525 4862 607 4912 'lrphlell
621 4865 674 4911 iglcn
688 4865 758 4912 aitrylt
772 4865 818 4903 cher
832 4865 867 4902 den
882 4865 887 4901 i
902 4863 997 4910 Regsstcn
1012 4862 1104 4909 intingue
1117 4862 1170 4910 Cepi.
