3584 5625
846 460 884 519 m

352 650 441 708 Anno
461 666 520 727 que
541 626 639 725 supra,
661 655 690 705 et
713 645 833 722 .xxvijr·
841 647 887 705 die
910 648 1015 708 mensis
1037 647 1197 724 Februarij,
1217 648 1388 708 recessimus
1416 650 1553 708 derat-m·

266 750 434 828 Jnnacopie
455 758 485 810 et
505 750 534 808 in
557 749 643 809 domo
664 747 784 806 fratrum
807 748 949 807 minorum
971 749 1040 808 dieti
1062 748 1120 810 leci
1140 749 1322 826 reposuimus
1350 768 1454 827 argen-

266 861 329 911 tum
350 862 379 911 et
393 854 476 912 bona
498 850 547 926 dnj
570 868 654 926 pape.
678 869 735 926 que
762 849 967 909 leuaueremus
995 850 1031 908 de
1064 850 1233 927 episcopatu
1265 850 1454 926 Vexionensi,

267 963 297 1012 et
319 955 355 1013 de
375 953 544 1031 episcopatu
567 949 741 1028 Lincopensi
763 969 899 1027 magnam
919 961 1041 1028 partem.

351 1052 424 1113 Post
445 1072 511 1131 que,
533 1040 601 1111 dum
621 1052 727 1112 luimus
748 1054 778 1111 in
800 1052 917 1111 ciuitate
940 1051 1084 1126 Skarensi,
1096 1053 1225 1113 misimus
1242 1073 1296 1130 pro
1318 1056 1454 1132 predictis

268 1155 351 1216 bonis
371 1155 454 1215 nobis
476 1154 665 1231 apportandis
687 1153 755 1212 dr‘rm
776 1152 919 1213 Karelum
939 1148 1081 1213 rectorem
1103 1154 1225 1215 ecclesie
1253 1156 1289 1216 de
1311 1157 1454 1219 Staddum

268 1257 306 1316 ad
328 1255 438 1315 dictum
459 1256 557 1316 locum
579 1256 616 1314 de
637 1239 804 1332 Junacopia
825 1284 865 1294 -
888 1254 939 1332 qui
959 1254 1047 1313 distat
1068 1276 1087 1315 a
1108 1255 1208 1317 Skaris
1226 1259 1362 1334 perduas
1373 1277 1455 1336 mag·

166 1360 169 1365 '
267 1378 320 1417 nas
342 1356 444 1418 dietas.
467 1358 570 1417 habuit
591 1375 690 1416 secum
711 1356 806 1415 dictus
828 1357 883 1415 dns
915 1357 1044 1436 Karolus
1079 1377 1117 1414 .x.
1153 1346 1291 1417 hemines
1310 1360 1339 1417 in
1373 1360 1454 1437 cquis

268 1479 335 1518 cum
356 1458 443 1518 armis
464 1468 584 1536 propter
605 1459 737 1517 timorem
759 1459 924 1535 predorum,
937 1459 987 1535 qui
1003 1457 1213 1518 insidiabantur
1231 1460 1314 1519 nobis
1332 1462 1454 1521 ethonis

244 1560 318 1618 'dr'ri
339 1579 423 1637 pepe.
468 1559 615 1621 Soluimus
637 1559 715 1619 dieto
737 1549 854 1618 domino
874 1560 986 1620 Karole
1009 1578 1061 1637 pro
1079 1559 1213 1636 expensis
1235 1588 1269 1599 -
1285 1560 1454 1622 ,xlsolides

267 1660 478 1739 sterlingorum.

352 1764 441 1821 Anno
461 1782 520 1840 quc
541 1781 638 1839 supra,
661 1770 689 1819 et
712 1758 765 1837 iri·
786 1762 833 1821 die
854 1764 960 1823 mensis
981 1762 1096 1839 Marcij.
1118 1761 1284 1839 scripsimus
1306 1763 1370 1822 dr‘ris
1392 1763 1454 1840 cpi·

269 1883 358 1941 scopo
381 1863 584 1941 Strengenensi
606 1874 636 1923 et
657 1863 839 1948 Tidemanno
861 1864 1165 1941 prepositoNerichie,
1177 1872 1209 1923 ut
1230 1865 1350 1923 haberet
1371 1863 1454 1923 nobis
1543 1897 1546 1901 ⁸

268 1964 381 2024 mittere
403 1985 469 2025 cum
490 1984 594 2025 securo
627 1965 773 2025 conductu
802 1967 880 2024 bona
913 1965 961 2041 dij
989 1984 1073 2042 pape,
1105 1984 1163 2041 que
1195 1974 1392 2024 remanserant
1424 1965 1453 2023 in

267 2065 399 2142 predicto
420 2066 593 2146 monasterie
615 2067 652 2125 de
672 2066 867 2143 Risenbergis.
919 2065 976 2140 Qui
1005 2067 1132 2143 prelatus
1164 2066 1319 2144 episeopus
1351 2065 1450 2127 Stren-

267 2167 400 2243 genensis
422 2167 576 2238 ordinauit,
595 2169 673 2245 quod
696 2167 789 2227 dictus
811 2167 974 2245 prepositus
995 2168 1132 2227 Nerichie
1152 2186 1210 2225 vna
1232 2186 1297 2225 eum
1319 2168 1377 2225 dr‘re
1389 2168 1452 2227 An·

267 2269 345 2328 unde
367 2268 456 2329 Stura
474 2269 572 2341 milite,
594 2269 808 2345 consanguineo
830 2290 892 2341 suo,
915 2288 981 2328 cum
1003 2271 1052 2328 .xl.
1075 2268 1238 2328 hominibus
1259 2269 1289 2327 in
1310 2268 1392 2344 equis
1424 2277 1454 2327 et

268 2370 355 2431 armis
375 2379 525 2447 portarent
545 2372 677 2449 predicta
698 2374 775 2430 bona
797 2372 846 2430 diri
875 2391 951 2449 pape
974 2371 1010 2430 de
1042 2371 1119 2431 dieto
1153 2370 1327 2429 monasterio
1360 2388 1453 2447 usque

267 2471 436 2549 Lythoeiam
456 2492 514 2550 que
536 2484 579 2533 est
600 2474 630 2532 in
652 2474 732 2534 exitu
758 2474 837 2549 ragnj
868 2474 989 2535 Swecie·
1040 2473 1080 2531 Et
1112 2472 1199 2531 distat
1230 2492 1249 2531 a
1281 2470 1358 2531 dicto
1387 2472 1453 2531 loco

268 2574 303 2632 de
325 2573 466 2655 Lythosia
484 2596 536 2652 per
557 2576 615 2647 ‚vii
638 2576 740 2634 dietas.
784 2575 932 2636 Soluimus
949 2575 1080 2652 predicto
1095 2572 1240 2649 preposite
1252 2592 1306 2649 pro
1319 2574 1453 2650 expensis

268 2702 307 2715 ·-
331 2675 410 2735 lxvi.
431 2676 539 2735 solides
560 2676 628 2753 eiij.
653 2676 785 2737 denarios
807 2678 1020 2753 sterlingorum.

348 2776 502 2838 Predietus
524 2797 594 2838 uero
616 2778 698 2839 miles
720 2777 807 2838 nichil
835 2778 929 2838 uoluit
960 2777 1089 2855 recipere
1123 2796 1175 2855 pro
1208 2775 1352 2854 expensis,
1387 2793 1454 2836 cum

265 2886 361 2937 tamen
383 2899 435 2957 per
458 2899 516 2938 xv.
541 2881 601 2939 dies
623 2881 723 2940 luisset
744 2881 772 2939 in
796 2880 923 2957 negociis
945 2880 992 2956 dr‘rj
1016 2899 1100 2957 pape.

349 2980 424 3040 Item
445 2982 566 3041 emimus
589 2982 637 3059 .iij.
662 3000 751 3059 equos
780 2983 817 3042 ad
850 2983 1024 3060 portandum
1056 2992 1207 3061 argentum
1241 2991 1269 3040 et
1300 2982 1452 3058 pecuniam

266 3091 349 3141 extra
368 3101 498 3160 regnum,
520 3085 570 3160 qui
592 3084 818 3143 deconstiterunt
840 3084 924 3143 nobis
946 3084 1118 3161 .iiij⁰.'librae
1144 3094 1173 3143 et
1192 3100 1230 3141 .x.
1254 3083 1361 3143 solidos
1381 3091 1452 3142 ster·

264 3183 417 3276 lingerum.
450 3184 508 3259 Qui
528 3205 582 3262 pro
602 3185 689 3245 nimio
710 3187 810 3246 labore
832 3187 947 3245 luerunt
969 3187 1107 3247 destructi
1129 3206 1195 3246 cum
1216 3187 1388 3245 haberemus
1408 3205 1453 3244 re·

264 3276 367 3346 cedere
388 3287 555 3346 lestinanter
586 3298 705 3365 propter
736 3289 853 3348 insidias
879 3289 963 3348 nobis
994 3298 1120 3365 paratas.
1180 3287 1331 3346 Predictos
1363 3306 1454 3363 eques

263 3389 445 3450 condidimus
460 3390 494 3448 ‘in
517 3389 666 3466 Lythosia,
690 3399 718 3447 et
745 3390 923 3466 perdidimus
945 3391 973 3448 in
995 3390 1078 3450 dictis
1100 3391 1181 3466 equis
1210 3417 1250 3427 -
1284 3389 1331 3463 iij.
1366 3389 1453 3448 libras
1558 3458 1560 3462 ¹

264 3498 293 3548 et
315 3509 353 3547 x,
376 3492 429 3550 sol.
452 3488 680 3568 sterlingorum¹.
772 3480 779 3491 ⁴

324 3572 435 3677 *Anno
456 3593 505 3669 dnj
527 3612 586 3670 quo
607 3612 704 3668 supra,
727 3602 755 3651 et
784 3593 851 3669 xiij.
882 3594 929 3651 die
961 3594 1066 3652 mensis
1100 3592 1219 3669 Aprilis,
1252 3610 1318 3651 cum
1350 3591 1446 3651 omnia
1460 3606 1544 3645 arse·
1649 3580 1655 3593 “

262 3694 340 3753 bona
361 3695 409 3770 dr'rj
432 3714 517 3771 pape,
539 3713 596 3770 quc
618 3695 769 3754 nobiscum
791 3697 978 3772 portabamus
1001 3695 1145 3753 ueniendo¹
1162 3694 1199 3753 ad
1219 3693 1337 3766 curiam,
1357 3702 1452 3753 essent

262 3802 403 3854 arrestata
421 3795 570 3861 incastre
593 3796 628 3853 de
651 3798 793 3872 Bagaews,
815 3798 943 3873 oportuit
964 3798 1042 3872 quod
1065 3816 1119 3872 ego
1141 3782 1393 3854 lrster’Iobannes
1415 3796 1451 3854 de

263 3897 371 3958 Serone
393 3897 464 3956 irem
487 3917 588 3957 uersus
610 3899 753 3970 Asinium,
775 3899 823 3956 vbi
851 3919 903 3956 rex
932 3900 1089 3975 Norwegie
1122 3908 1192 3956 erat.
1249 3898 1313 3972 Que
1347 3897 1450 3958 ciuitas

262 3999 349 4058 distet
370 4020 388 4058 a
409 4000 540 4076 predicto
562 4010 656 4059 castro
679 4001 715 4058 de
738 4001 869 4076 Bagaews
892 4021 944 4077 per
963 4021 1017 4060 xe.
1034 4001 1133 4059 leucas
1152 4011 1179 4058 et
1200 4001 1284 4059 ultra
1327 4000 1449 4060 Fuimus

261 4100 291 4158 in
312 4084 369 4159 uia=
382 4120 434 4177 per
452 4101 509 4179 .vij.
524 4101 708 4178 septimanas.
755 4101 956 4178 Expendimus
975 4122 1028 4178 pro
1050 4103 1145 4161 nautis
1168 4113 1196 4160 ct
1219 4103 1316 4179 naulo,
1339 4105 1450 4163 nunciis

264 4220 336 4278 quos
357 4203 486 4262 misimus
507 4222 573 4262 cum
595 4202 697 4261 litteris
720 4204 823 4263 nostris
846 4206 931 4279 apud⁴
947 4205 1114 4263 Nidrosiam
1142 4205 1199 4262 diro
1232 4205 1451 4283 archiepiscopo

149 4293 154 4300 ¹
204 4372 210 4377 .
263 4302 452 4377 Nidrosienei,
474 4324 531 4381 que
554 4305 657 4363 ciuitas
681 4306 806 4364 distata
830 4307 907 4363 dicto
940 4316 1034 4366 cestro
1068 4307 1104 4364 de
1139 4306 1284 4383 Begaeuus
1316 4327 1449 4383 per,.xx.

265 4405 356 4464 dietas
388 4418 416 4463 et
450 4406 535 4478 ultra,
565 4407 694 4482 exceptis
725 4408 789 4465 aliis
810 4409 945 4484 expensis
968 4436 1007 4445 -
1031 4407 1101 4485 .iiij⁰.¹
1115 4407 1204 4468 libras
1238 4408 1450 4485 sterlingorum.

345 4507 419 4565 Item
442 4526 507 4565 cum
530 4507 623 4584 primo
647 4510 777 4568 uenimus
800 4509 940 4580 Asloiam,
964 4509 1130 4586 scripsimus
1152 4509 1211 4566 dfio
1241 4510 1378 4587 episcopo
1402 4512 1463 4588 qui¹

300 4735 309 4766 ¹
332 4741 385 4792 Her
402 4740 499 4804 tilfujer
516 4744 566 4792 den
584 4745 667 4793 andan
692 4743 798 4793 Haand:
834 4742 931 4794 Sernota
952 4743 1040 4806 papius
1061 4767 1089 4775 -
1111 4744 1172 4808 eiij.
1193 4744 1246 4794 libr.
1266 4746 1315 4807 xvj.
1335 4743 1377 4794 rol.
1398 4745 1451 4808 eiij.
1541 4757 1544 4762 ·

331 4825 383 4876 den.
402 4826 575 4892 sterlioqerum,
586 4837 652 4878 sumt
671 4822 743 4892 „np.“
