3584 5625
854 501 911 569 ire

291 702 371 755 tuum,
389 693 534 744 reddituum
551 699 578 743 et
594 701 774 757 promotuum,
792 695 920 744 enitentur
936 694 1106 755 scandalan
1121 708 1138 745 a
1154 694 1347 758 grauemimbus
1364 695 1485 745 releuan-

290 786 333 827 tur
349 778 487 839 soluentes,
505 778 624 828 uolumus
641 780 710 842 quod
728 780 827 828 duobus
850 778 963 828 taminia
987 780 1106 842 congruis
1133 779 1227 829 solutio
1253 780 1301 829 fiat
1326 779 1484 839 huiusmodi,

291 865 417 914 dictorum
434 864 601 914 collectorum
627 864 732 913 arbitrio
759 863 917 925 statuendis3
943 864 980 913 sie
1007 863 1132 927 equidem,
1158 865 1234 927 quod,
1262 864 1306 914 ubi
1331 864 1485 914 collectores

290 947 382 1013 prelati
400 949 560 1000 taxationem
578 948 729 999 decimalem
746 946 882 1009 fructuum,
905 948 1050 997 reddituum
1077 956 1103 997 et
1126 956 1300 1012 prouentuum
1325 949 1485 1010 huiusmodi,

291 1048 338 1103 pro
356 1048 458 1084 camma
475 1042 564 1083 nostra
580 1034 674 1083 habere
691 1033 836 1095 maluerint,
853 1033 999 1082 obtinentes
1017 1033 1074 1095 ipsa
1090 1033 1220 1095 beneficia,
1242 1035 1284 1084 uel
1313 1034 1360 1096 illi,
1392 1034 1486 1098 quibus

292 1118 353 1167 dicti
370 1117 521 1169 collectores
538 1119 720 1169 beneficiorum
737 1120 850 1182 ipsorum
867 1114 975 1178 fructus,
993 1118 1107 1168 redditus
1130 1126 1157 1169 et
1178 1127 1326 1184 prouentus,
1344 1120 1393 1170 sub
1410 1119 1487 1169 firma

292 1219 338 1254 seu
355 1204 541 1266 emendatione,
559 1205 625 1254 sicut
642 1204 752 1253 uiderint
769 1202 898 1267 expedire,
916 1203 1051 1265 dimittent,
1070 1205 1178 1253 eandem
1195 1204 1356 1255 taxationem
1380 1203 1487 1255 soluerit

292 1290 353 1353 ipsis
371 1289 558 1350 collectoribus,
575 1288 603 1338 in
620 1290 716 1339 eisdem
733 1288 832 1338 duobus
850 1287 972 1351 terminis,
989 1295 1019 1338 ut
1040 1288 1202 1353 premittitur,
1230 1291 1387 1351 statuendis3
1416 1287 1486 1338 suifi-

293 1374 369 1423 cienti
385 1389 431 1439 per
449 1373 593 1424 obtinentes
610 1374 653 1423 uel
670 1372 835 1423 arrendantes
853 1374 965 1435 eosdem,
982 1373 1089 1436 prestita
1107 1372 1296 1435 collectoribus,
1315 1389 1395 1440 super
1417 1372 1485 1424 solu-

293 1459 363 1509 tione
380 1459 524 1508 huiusmodi
544 1459 670 1508 cautione.
716 1455 768 1507 Ubi
795 1472 857 1507 vero
883 1458 1036 1508 collectores
1053 1458 1161 1522 predicti
1178 1459 1340 1509 taxationem
1358 1457 1485 1524 prefatam

294 1544 465 1594 obtinentibus
482 1542 606 1593 beneficia
622 1543 679 1606 ipsa
696 1541 844 1605 relinquere,
862 1549 888 1593 et
909 1543 1004 1593 babere
1028 1543 1158 1593 residuum
1184 1541 1321 1604 fructuum,
1339 1542 1485 1592 reddituum

293 1638 320 1678 et
337 1636 507 1694 prouentuum
524 1629 672 1678 eorumdem
690 1626 821 1690 elegerint,
838 1634 901 1677 tunc
918 1627 980 1678 dicti
997 1627 1147 1677 collectores
1166 1628 1197 1678 de
1216 1628 1273 1689 hiis,
1283 1641 1347 1692 quos
1361 1627 1390 1678 in
1402 1634 1485 1678 totum

294 1712 424 1776 colligent,
442 1728 472 1764 eo
490 1727 560 1774 casn,
578 1712 681 1763 soluent
698 1711 820 1761 beneficia
837 1712 894 1778 ipsa
912 1712 1085 1763 obtinentibus
1104 1715 1263 1763 taxationem
1290 1710 1441 1778 predictam,
1459 1713 1486 1761 in

294 1798 394 1848 duobus
411 1798 524 1848 terminis
548 1795 664 1847 similiter
685 1797 834 1847 statuendis.
879 1796 933 1847 Sed
957 1812 1013 1859 nec,
1039 1804 1159 1862 pretextu
1185 1796 1300 1848 deiectus
1326 1796 1484 1848 solutionum

294 1882 448 1944 huiusmodi,
465 1883 590 1943 volumus,
607 1890 637 1931 ut
653 1882 686 1931 ed
704 1880 805 1943 calices,
823 1896 920 1942 cruces,
946 1896 1009 1931 vasa
1033 1896 1115 1943 sacra,
1142 1881 1222 1933 libros
1248 1882 1291 1931 uel
1317 1889 1414 1943 uestes,
1441 1889 1486 1933 aut

294 1968 363 2018 bona
379 1967 493 2028 mobilia,
511 1967 598 2017 diuino
616 1966 673 2016 usui
695 1966 820 2027 dedicata,
836 1979 927 2015 manns
945 1966 1105 2031 aliquatenus
1131 1968 1312 2017 extendantur.
1358 1964 1485 2027 Quocirca

294 2052 486 2106 uniuersitatem
503 2060 616 2105 uestram
632 2065 773 2110 monemus,
791 2065 911 2112 rogemus
930 2058 956 2100 et
972 2051 1105 2102 hortamur
1121 2052 1251 2112 attentius,
1269 2066 1316 2116 per
1342 2052 1485 2117 apostolica

294 2137 367 2187 vobis
385 2138 480 2201 scripta
497 2136 636 2186 districtius
652 2137 815 2201 precipiendo
832 2137 994 2198 mandantes,
1012 2138 1139 2202 quatinus,
1156 2138 1302 2187 huiusmodi
1319 2137 1483 2188 necessitates

294 2223 405 2272 indebite
423 2221 631 2271 considerationis
658 2222 812 2271 deducentes
839 2236 956 2283 examen,
986 2223 1130 2287 eisdemque
1158 2222 1271 2286 benigno
1298 2223 1483 2287 compatientes

295 2306 398 2368 affectu,
416 2306 567 2357 collectores
584 2307 719 2370 predictos,
738 2314 764 2355 et
787 2305 987 2357 subcollectores
1013 2308 1180 2371 deputandos,
1209 2307 1242 2357 ab
1269 2308 1313 2368 eis,
1344 2316 1370 2356 et
1399 2322 1484 2357 eorum

295 2392 418 2456 quolibet,
437 2390 584 2442 huiusmodi
600 2390 707 2451 fructus,
731 2393 845 2441 redditus
870 2399 898 2441 et
925 2400 1074 2455 prouentus,
1100 2406 1146 2457 pcr
1171 2393 1268 2442 dictum
1295 2391 1435 2454 biennium,
1459 2392 1483 2441 in

296 2476 378 2527 iorma
394 2476 510 2541 predicta
527 2482 620 2538 petere,
639 2476 742 2539 exigere
761 2484 787 2525 ot
804 2476 924 2540 recipere,
941 2482 1031 2527 nostro
1058 2486 1083 2527 et
1105 2477 1212 2527 ecclesie
1237 2476 1351 2542 predicte
1374 2478 1483 2537 nomine,

244 2624 247 2628 .
295 2561 555 2626 libere'permittatis,
574 2570 601 2610 et
617 2561 685 2622 illos,
702 2569 779 2625 prout
796 2562 823 2609 in
839 2562 912 2611 vobis
930 2560 1015 2622 luerit,
1033 2563 1191 2626 integraliter
1208 2562 1352 2627 assignetis,
1370 2569 1397 2611 et
1422 2560 1483 2610 alias

295 2647 382 2697 taliter
398 2647 425 2695 in
442 2646 571 2711 premissis
589 2654 615 2695 et
631 2661 663 2696 ea
680 2645 843 2708 tangentibus
861 2646 988 2697 assistatis
1005 2646 1101 2697 eisdem
1118 2646 1230 2707 auxiliis,
1240 2644 1352 2697 consiliis
1370 2654 1399 2696 et
1415 2645 1483 2695 fauo·

295 2732 364 2798 ribus
383 2732 524 2796 oportunis,
543 2732 611 2796 quod
628 2733 660 2781 de
676 2730 877 2796 promptitudine
895 2730 1031 2781 obediente
1052 2731 1159 2781 valeatis
1186 2732 1276 2782 morito
1303 2728 1482 2781 commendari.

296 2818 417 2869 Ceterum
435 2824 522 2868 nostre
539 2817 687 2868 intentionis
705 2817 813 2879 exsistit,
832 2817 900 2880 quod
917 2815 1023 2878 fructus,
1040 2818 1155 2868 redditus
1173 2824 1199 2867 et
1224 2824 1365 2883 prouentus
1391 2815 1483 2867 benefi-

296 2904 403 2965 ciorum,
422 2917 471 2966 qne
489 2910 603 2967 tempore
621 2902 801 2953 rcseruationis
826 2903 940 2966 predicte
965 2917 1057 2952 vacare
1082 2901 1244 2966 contigerint,
1263 2900 1284 2952 si
1307 2901 1411 2952 collecti
1426 2914 1483 2951 non

296 2987 391 3038 fuerint
407 2987 475 3038 infra
500 2988 573 3050 illud,
602 3003 632 3039 eo
659 2988 747 3052 elapso
772 2987 876 3038 valeant
901 2995 928 3037 et
952 2987 1040 3037 levari.
1082 2987 1181 3037 Datum
1206 2987 1337 3039 Aninione
1363 2985 1482 3037 kalendas

296 3073 451 3138 Septembris
468 3074 632 3137 pontificatus
650 3073 730 3124 nostri
748 3086 816 3122 anno
834 3072 942 3122 decimo.

411 3155 475 3203 (Etru
489 3157 592 3197 trunces
607 3159 629 3197 sl
641 3157 678 3196 den
692 3167 717 3196 nu
731 3156 782 3194 tetta
796 3156 902 3203 bergensle
915 3155 1003 3204 copibog
1015 3156 1021 3194 i
1035 3156 1175 3196 matutinum
1191 3157 1211 3196 li.
1226 3153 1301 3204 (ivl-S.
1315 3151 1373 3202 209).

584 3410 591 3426 .
650 3329 701 3391 60.
747 3331 836 3391 1326.
882 3330 931 3388 5te
952 3330 1132 3408 September.

352 3447 496 3499 -Johannes
515 3449 648 3513 episcopua
666 3464 687 3498 s,
706 3464 726 3497 s.
746 3449 768 3497 d.
788 3447 881 3497 dilecto
899 3446 952 3496 filio
969 3446 1084 3498 Johauni
1102 3448 1133 3496 de
1151 3446 1257 3509 Serene,
1275 3448 1354 3512 priori
1380 3447 1485 3501 fratrum

297 3533 392 3583 ordinis
409 3522 597 3598 predicatorum
614 3535 645 3584 de
662 3533 778 3597 Figiaco,
797 3532 961 3584 caturcensis
985 3531 1103 3595 diocesis,
1130 3532 1272 3596 apostolice
1299 3533 1367 3583 sedis
1395 3531 1485 3583 nuncio

297 3614 406 3669 s'alutem
424 3625 450 3667 et
467 3618 636 3682 apostolicam
653 3618 865 3668 benedictionem.
910 3615 974 3667 evm
1002 3625 1026 3667 te
1053 3619 1084 3668 de
1106 3620 1178 3668 cuius
1196 3618 1321 3669 fidelitate
1339 3625 1366 3668 et
1382 3617 1486 3668 circnm-

297 3702 434 3769 spectiouis
452 3703 576 3753 industria
593 3702 712 3754 fiduciam
730 3702 841 3766 gerimus
858 3703 996 3766 specialem
1013 3717 1065 3771 una
1083 3719 1140 3753 cum
1158 3703 1253 3754 diiecto
1277 3705 1331 3754 lilio
1354 3702 1485 3752 Bemardo

298 3790 329 3838 de
348 3787 444 3840 Ortolis
462 3796 560 3838 rectore
577 3789 683 3838 ecclesie
701 3789 732 3838 de
749 3786 893 3857 Nouaiibus
911 3788 1054 3839 Electensis
1072 3787 1182 3838 diocesis
1201 3789 1302 3852 collega
1319 3799 1364 3839 tuo
1379 3790 1414 3839 ad
1424 3787 1486 3838 Nor·

297 3888 367 3938 weye
385 3873 482 3924 Suecie
499 3881 525 3921 et
543 3872 622 3924 Gocie
640 3888 720 3939 regna
737 3874 881 3938 specialiter
899 3874 1062 3937 destinemus,
1079 3889 1126 3924 nos
1152 3873 1269 3924 uolentes
1293 3874 1340 3924 tibi
1364 3874 1396 3923 de
1415 3873 1487 3923 certis

298 3957 439 4022 stipendiis,
458 3965 487 4006 ut
504 3958 595 4007 melius
614 3965 640 4008 et
661 3958 749 4009 utilius
776 3958 891 4022 predicta
916 3959 1075 4022 prosequaris
1105 3959 1214 4021 negocia
1239 3959 1381 4024 prouidere,
1400 3957 1488 4022 viginti

298 4059 375 4094 snum
393 4043 505 4094 solidum
522 4041 709 4094 Turonensium
726 4058 873 4108 paruorum,
889 4057 936 4108 pro
955 4044 1024 4094 uicto
1043 4053 1069 4092 ct
1084 4042 1236 4106 necessarijs
1261 4045 1318 4106 tuis,
1337 4053 1364 4093 et
1380 4043 1488 4094 familia·

298 4131 363 4179 rium
380 4137 483 4179 tuorum
500 4128 589 4177 diebus
602 4129 719 4193 singulis,
732 4127 821 4192 quibus
833 4128 860 4176 in
878 4128 1056 4191 prosecutione
1074 4127 1200 4177 dictorum
1217 4129 1386 4198 negociorum
1404 4128 1488 4189 sucus,
1549 4119 1550 4122 ¹

298 4229 344 4279 per
361 4221 386 4263 te
403 4212 578 4279 percipiendos
598 4214 628 4263 de
646 4213 810 4279 prouentibus
829 4227 930 4262 camere
948 4220 1035 4262 nostre
1051 4213 1078 4262 in
1096 4213 1180 4276 regnis
1197 4213 1347 4277 colligendis
1360 4214 1490 4278 predictis,

299 4307 385 4349 tenore
402 4299 561 4364 presencium
579 4298 738 4365 deputamus.
786 4297 885 4349 Datum
903 4296 1032 4373 Aninionc
1049 4311 1131 4356 nonas
1149 4295 1305 4362 Septembris
1323 4299 1489 4363 pontificatus

298 4385 377 4434 nostri
396 4399 466 4435 auno
483 4379 532 4446 xj0.

505 4466 571 4513 [Arci.
589 4469 629 4508 Vnt.
643 4468 689 4515 lieg.
705 4466 760 4508 Scor.
773 4466 815 4505 tob.
830 4466 887 4506 xliii.
902 4466 924 4507 Τ,
941 4467 970 4506 Vl.
985 4476 1016 4504 an.
1031 4466 1064 4508 xl.
1080 4466 1113 4505 iol.
1127 4464 1158 4506 63.
1173 4477 1202 4514 ep.
1218 4462 1280 4512 ronst.

643 4654 692 4718 61'.
738 4659 826 4718 1326.
870 4657 949 4716 inde
971 4657 1150 4732 September.

368 4771 500 4824 iohannes
518 4771 652 4840 episcopus
671 4790 691 4824 s.
710 4790 729 4824 a.
748 4775 773 4824 d.
790 4772 929 4824 venerabili
945 4771 1025 4821 traoi
1049 4808 1054 4819 .
1085 4808 1090 4820 .
1119 4773 1239 4837 episcopo
1265 4769 1439 4826 *Hamoronsi
1465 4784 1492 4825 et

300 4857 398 4909 dilectis
417 4859 476 4922 filijs
495 4859 607 4909 Johenni
626 4862 657 4910 de
675 4859 780 4919 Seroue,
798 4861 876 4924 priori
895 4856 1001 4907 fratrum
1020 4858 1115 4906 ordinis
1128 4858 1314 4920 predicatorum
1327 4859 1359 4908 dc
1371 4861 1490 4923 Figiaco‚
