3584 5625
859 477 918 538 rrr
1343 349 1435 560 ’

293 675 337 714 tus
354 666 380 713 in
398 662 488 727 quibus
505 661 590 712 cultus
607 660 678 724 uiget
694 660 820 710 catholice
837 660 896 710 iidei
915 669 941 710 et
957 660 1023 709 inter
1039 659 1199 710 christicolas
1216 658 1334 709 subditos
1343 663 1407 708 teos
1419 657 1489 707 sicut

293 749 437 812 accepimus
454 747 576 796 securitas
586 746 665 810 =paeis
679 750 772 809 regnet
789 745 895 805 intensis
913 745 1056 809 prosperari
1069 742 1201 807 desiderijs
1215 742 1374 803 affectemus,
1390 742 1488 791 exhor-

293 832 434 884 tationibus
450 831 545 882 nestris
560 830 737 893 subiungimus
756 838 785 882 ut
802 832 877 880 deum
894 843 941 894 p·
958 845 1033 894 quem
1050 844 1142 893 regnas
1166 837 1193 879 et
1217 827 1314 892 regeris
1340 829 1433 877 umere
1459 839 1488 875 et

293 916 471 983 superomnia
487 916 592 980 diligere
608 916 720 977 studeas,
738 916 869 980 operando
887 930 937 979 que
954 915 1003 964 sibi
1023 914 1118 965 fuerint
1143 914 1246 979 placida
1271 921 1298 963 et
1323 920 1435 977 accepta
1460 919 1488 962 et

293 1004 326 1052 ab
343 1002 394 1065 hijs
411 1016 461 1066 que
477 1016 524 1051 sue
540 1002 681 1053 maiestatis
699 1001 788 1051 oculos
807 1010 912 1066 possent
928 999 1059 1051 offendere
1071 1000 1172 1065 penitus
1184 998 1344 1049 abstinendo.
1379 998 1487 1060 Etonia

195 1137 200 1161 ⁸
293 1087 402 1152 negocia
418 1087 477 1137 fidei
495 1093 522 1137 et
538 1086 644 1137 ecclesie
661 1087 727 1137 adeo
743 1094 805 1137 sunt
821 1099 947 1143 connexa,
964 1085 1041 1149 quod
1058 1092 1176 1135 neutrum
1202 1084 1256 1134 sine
1285 1084 1370 1133 altero
1399 1088 1488 1147 potest

292 1173 407 1236 legitime
422 1169 568 1238 promoueri
585 1170 705 1221 ecclesias
724 1178 750 1221 et
765 1186 889 1236 personas
907 1170 1095 1222 ecclesiasticas
1114 1184 1215 1232 semper
1230 1168 1326 1219 habeas
1344 1166 1486 1228 inhonore,

294 1259 363 1320 ipsas
380 1256 407 1307 iu
424 1257 478 1308 suis
493 1256 590 1306 iuribus
608 1264 634 1306 et
650 1254 810 1307 libertatibus
828 1254 1001 1315 consonando,
1018 1270 1050 1305 ac
1075 1262 1128 1305 tam
1152 1256 1222 1319 ipsas
1247 1268 1324 1317 qnam
1350 1266 1486 1316 pauperes,

294 1340 398 1393 omanus
416 1350 442 1392 et
458 1341 550 1391 uiduae
567 1341 600 1391 ab
618 1340 825 1406 oppressionibus
843 1349 870 1390 et
885 1339 985 1403 iniurijs
1003 1338 1170 1426 defendendo?
1186 1339 1274 1403 sieque
1295 1338 1323 1387 in
1346 1338 1486 1387 deponens

294 1426 448 1487 huiusmodi,
464 1426 572 1490 alijsqns
589 1426 664 1477 bouis
681 1425 799 1490 oporibus
815 1433 886 1476 tuem
912 1425 1008 1477 solides
1032 1425 1200 1484 iuuentutem,
1224 1424 1293 1489 qued
1321 1437 1382 1474 cnm
1409 1423 1486 1473 etatis

294 1510 462 1576 prouectioris
479 1510 558 1563 fueris
575 1519 601 1563 et
617 1511 685 1561 curis
702 1512 841 1562 maioribus
860 1517 1011 1575 occupatus,
1029 1517 1118 1575 portes
1130 1514 1234 1560 assueta
1244 1508 1351 1559 ananim
1363 1506 1486 1571 acmagis

296 1602 323 1646 et
338 1595 465 1659 magis-in
481 1595 530 1661 piis
548 1596 690 1647 actionibus
707 1597 801 1648 cotidie
818 1596 961 1647 delecteris.
1002 1594 1124 1645 Proiecto
1144 1594 1186 1661 ‚fili
1212 1592 1375 1643 dilectissime
1400 1592 1422 1641 si
1438 1592 1485 1641 hec

296 1694 345 1745 que
362 1679 538 1745 paternis-tibi
554 1680 689 1733 affectibus
707 1683 843 1732 suademus
861 1680 953 1732 feceris
965 1681 1058 1730 nedum
1068 1680 1126 1730 iura
1136 1685 1183 1729 tua
1194 1685 1221 1729 et
1231 1692 1371 1743 regnorum
1383 1684 1484 1728 tuorum

296 1765 342 1818 tibi
370 1765 534 1816 conseruabit
560 1766 699 1818 altissimus
728 1768 773 1817 sed
799 1782 831 1816 ea
854 1767 941 1832 potius
965 1766 1094 1831 prosperis
1118 1763 1277 1815 successibus
1306 1762 1485 1826 augmentabit

296 1850 456 1901 inimicorum
472 1856 576 1902 tuorum
594 1852 641 1902 tibi
657 1845 791 1903 tribuendo
808 1851 943 1901 uictoriam
968 1859 995 1900 et
1019 1847 1184 1915 triumphum.
1227 1848 1327 1899 Datum
1354 1847 1485 1899 Aniniene

297 1933 343 1997 iij.
361 1934 485 1988 tuendas
502 1935 659 2002 Septembris
675 1936 839 2001 pontificatus
857 1936 938 1986 nestri
955 1949 1023 1985 anne
1041 1936 1147 1986 decimo.

607 2016 677 2063 (bret.
692 2020 734 2060 Vct.
747 2020 794 2069 lica.
808 2020 860 2059 Scor.
875 2020 918 2059 tot.
933 2018 1052 2100 unum
1066 2029 1097 2068 ep.
1109 2015 1176 2065 22⁰1).

670 2243 718 2304 ec.
764 2245 852 2305 1326.
897 2225 967 2305 sou
988 2244 1115 2322 August

364 2360 498 2411 «Iohannes
515 2358 650 2425 episcopus
667 2376 688 2411 s.
706 2376 727 2411 a.
745 2362 770 2412 d.
789 2361 881 2412 dilecte
898 2361 925 2410 iu
935 2359 1039 2411 cbristo
1052 2358 1114 2420 filie,
1121 2358 1202 2409 nobili
1212 2357 1487 2423 mulieri,1ngibnrghe

299 2444 400 2495 ducisse
408 2442 572 2496 lsuenorum
581 2446 690 2498 salutem
700 2451 726 2496 et
734 2446 845 2510 apostol.
851 2445 1062 2495 benedictionem.
1088 2444 1191 2496 Pridem
1199 2458 1234 2493 ex
1246 2451 1320 2509 parte
1328 2442 1453 2494 earisdmi
1461 2442 1487 2493 in

299 2528 402 2581 Christo
419 2528 465 2592 filij
483 2529 565 2580 nestri
583 2530 673 2595 Magni
690 2529 757 2594 regit
773 2529 899 2595 Norweye
916 2529 1023 2579 illustris
1040 2528 1094 2579 neti
1120 2529 1157 2579 tui
1183 2527 1379 2579 necessitatibus
1406 2528 1487 2577 eidem

298 2612 357 2679 regi
370 2615 502 2679 ars-regnis
520 2622 546 2666 et
563 2615 671 2667 subditis
689 2616 741 2665 suis
758 2630 792 2666 ex
809 2615 985 2682 persecutione
1002 2614 1142 2664 infidelium
1167 2621 1194 2664 et
1217 2613 1331 2663 hostium
1355 2607 1487 2664 christiani

237 2730 240 2735 ·
299 2699 408 2750 neminis
424 2699 629 2758 incumbentibus
646 2715 692 2765 per
709 2699 816 2752 dilectos
832 2700 899 2752 filios
916 2700 1088 2772 Bertrandnm
1104 2700 1136 2750 de
1149 2698 1258 2751 Sueiolis
1270 2704 1297 2748 et
1307 2698 1488 2763 Rsymundnm

299 2785 331 2836 de
348 2783 463 2836 Lamena
479 2785 592 2837 eiusdem
609 2787 675 2851 regis
693 2787 801 2839 nuncios
819 2776 977 2854 apostolatui
994 2793 1083 2837 nostm
1101 2784 1225 2852 expositis
1243 2790 1270 2834 et
1294 2799 1311 2834 a
1335 2784 1410 2835 nobis
1437 2797 1489 2834 non

299 2869 395 2943 ubsque
410 2885 506 2936 magna
522 2873 701 2938 compassione
717 2873 811 2933 auditis
828 2875 935 2924 dilectos
952 2871 1021 2923 tilios
1037 2871 1184 2922 iohannem
1207 2868 1355 2925 ds'Serone
1375 2869 1488 2934 priorem

300 2954 396 3006 ordinis
414 2951 455 3016 [tr
474 2954 629 3020 conuentus]
646 2957 758 3010 fratrum
771 2959 868 3009 ordinis
884 2958 1074 3022 predicatorum
1091 2957 1123 3006 de
1144 2955 1262 3019 Figisce,
1278 2962 1306 3005 et
1325 2954 1489 3005 Bernardum

300 3042 332 3091 ds
350 3040 447 3094 Ortolis
464 3048 590 3092 rectorem
607 3025 714 3093 ecclesie
732 3043 764 3093 de
779 3042 923 3092 Noualibus
941 3040 1104 3092 caturcensis
1123 3049 1153 3090 vet
1175 3040 1320 3090 Eleetensis
1347 3040 1488 3090 diecesium

299 3111 401 3191 nestros
419 3133 444 3177 et
459 3125 601 3190 apostolice
618 3127 685 3177 sedis
703 3127 808 3178 nuncios
826 3127 859 3176 ad
876 3140 964 3189 regem
981 3132 1008 3175 et
1023 3139 1104 3188 regna
1119 3124 1243 3189 predicte,
1258 3131 1288 3176 nt
1311 3123 1387 3174 citius
1413 3139 1490 3190 opor·-

218 3230 221 3235 >
300 3210 409 3280 tunitats
426 3217 529 3279 captata
545 3211 600 3263 fleri
617 3213 708 3277 potuit,
724 3226 772 3276 pro
789 3210 839 3274 hijs
857 3219 883 3260 et
901 3203 1053 3275 quibusdam
1067 3211 1129 3274 alijs
1145 3210 1240 3261 nostris
1258 3216 1285 3260 et
1306 3209 1415 3261 ecclesis
1438 3210 1489 3260 Bo-

292 3309 375 3345 imane
397 3295 514 3360 negocijs
535 3311 593 3347 cum
619 3298 694 3348 certis
719 3295 813 3347 nostris
838 3296 930 3346 litteris
955 3298 1113 3361 prouidimus
1139 3295 1312 3347 destinandos.
1359 3292 1491 3355 Quocirca

253 3423 256 3429 .
300 3379 459 3431 nobilitatem
476 3389 547 3430 tuam
564 3395 685 3445 rogamus
703 3382 824 3432 attentius
843 3389 869 3431 et
885 3382 1026 3450 hortamur
1036 3382 1154 3446 quatinus
1171 3381 1281 3431 nuncies
1302 3385 1404 3430 nostros
1426 3394 1490 3445 pre-

300 3464 382 3516 dictos
400 3465 496 3517 habens
513 3480 560 3530 pro
576 3473 666 3516 nostra
683 3474 709 3516 et
725 3467 839 3528 eiusdem
856 3469 923 3517 sedis
949 3467 1093 3517 reuerentia
1116 3468 1268 3532 propensius
1294 3466 1490 3515 commendatos

300 3563 377 3615 super
393 3550 557 3614 expeditione
574 3552 739 3614 negociorum
756 3567 803 3615 pre
820 3553 912 3615 quibus
930 3551 1091 3602 destinantur
1107 3551 1185 3613 felici,
1197 3552 1235 3602 sie
1246 3550 1283 3602 eis
1294 3550 1359 3601 uelit
1370 3550 1493 3602 assistere
1518 3578 1522 3589 ·

301 3642 346 3685 tua
364 3633 557 3699 circumspectio
575 3637 689 3700 consilijs
707 3637 811 3700 arixilijs
830 3644 856 3686 et
872 3635 1004 3688 fauoribus
1021 3636 1154 3701 oportunis
1172 3637 1241 3700 quod
1258 3637 1365 3701 proinde
1376 3637 1493 3686 diuinam

302 3727 328 3771 et
345 3718 459 3769 ciusdem
476 3719 544 3779 sedis
560 3720 763 3772 benedictionem
781 3729 806 3772 et
824 3722 934 3786 gratiam
957 3722 1060 3773 uberius
1085 3723 1213 3772 merearis.
1256 3720 1325 3772 Saue
1350 3722 1411 3786 quia
1436 3722 1494 3785 regi

270 3841 271 3846 ,
301 3804 416 3870 predicto
435 3818 510 3868 quem
525 3820 571 3869 per
588 3805 657 3856 uiam
674 3807 764 3856 salutis
782 3807 856 3870 dirigi
874 3807 1049 3858 desideranter
1067 3813 1193 3869 optamus,
1211 3812 1239 3855 ut
1259 3807 1314 3870 regi
1337 3812 1428 3877 eterno
1447 3821 1495 3870 per

302 3905 377 3954 quem
395 3896 486 3953 regnat
503 3896 530 3940 et
546 3890 642 3954 regitur
658 3892 822 3957 placereper
839 3906 919 3956 opera
935 3892 979 3956 pia
996 3901 1022 3942 et
1038 3892 1177 3942 laudabilia
1194 3892 1297 3942 studeat
1313 3891 1346 3941 ab
1368 3891 1419 3954 hijs
1443 3906 1494 3955 qus

303 3991 347 4026 sue
365 3973 506 4027 maiestatis
524 3976 613 4026 oculos
631 3982 738 4039 possent
760 3975 888 4027 offendere
915 3977 1016 4042 penitus
1041 3976 1194 4027 abstinendo
1221 3991 1267 4041 per
1293 3977 1357 4027 alias
1386 3987 1494 4027 nostras

301 4060 401 4111 litteras
419 4073 482 4124 quas
499 4059 547 4110 sibi
565 4060 698 4124 dirigimus
715 4062 828 4124 paternis
840 4060 974 4112 affectibus
986 4064 1122 4112 suademus
1134 4060 1251 4124 precibus
1264 4063 1356 4110 nostris
1366 4062 1494 4112 adicimus

272 4132 276 4141 ¹
303 4153 332 4196 ut
361 4152 389 4194 tu
414 4143 469 4194 tilia
496 4158 582 4208 regem
611 4147 727 4207 eundem,
753 4147 846 4197 uostris
872 4149 975 4197 monitis
993 4138 1136 4197 celebribus
1154 4147 1285 4210 aquiescat
1300 4147 1422 4196 iuducere
1440 4161 1495 4197 non

302 4236 449 4295 postponas.
483 4227 582 4279 Datum
598 4237 623 4278 ut
639 4245 724 4294 supra.

740 4310 808 4361 (Arci.
824 4313 865 4352 iat
879 4313 928 4355 tert.
942 4325 973 4364 ep.
986 4313 1064 4360 22⁰2).v

676 4539 724 4599 57.
771 4539 859 4598 1326.
904 4540 973 4598 nore
995 4539 1122 4617 August.

351 4653 504 4703 >iohannes
522 4653 656 4718 episeopus
676 4671 697 4708 s.
714 4671 734 4705 s.
754 4657 777 4705 d.
795 4655 934 4706 venerabili
950 4653 1024 4704 fratri
1050 4690 1055 4702 .
1083 4689 1090 4702 .
1116 4653 1307 4717 archiepiscopo
1331 4651 1496 4703 Nidrosiensi

304 4738 414 4788 salutem
432 4745 458 4788 ct
475 4738 584 4801 apostol.
603 4741 727 4793 benedict.
776 4739 841 4791 Cum
867 4755 913 4790 nos
943 4739 1052 4807 dilectos
1077 4738 1143 4789 filios
1169 4738 1315 4790 Jehannem
1340 4738 1372 4786 de
1395 4735 1496 4787 Serene

305 4821 416 4885 priorem
433 4830 575 4874 consentes
591 4823 699 4877 fratrum
717 4826 813 4876 ordinis
831 4824 1021 4889 predicatorum
1038 4825 1071 4873 de
1085 4824 1194 4888 Figiaco
1206 4821 1370 4872 caturcensis
1387 4827 1414 4870 et
1430 4820 1496 4871 Ber-
