3584 5625
433 431 507 626 0
782 509 784 516 ·
861 473 931 532 tre·

295 662 404 711 nardum
421 661 453 711 de
470 658 568 712 Ortolis
585 665 710 711 rectorem
728 657 835 709 ecclesie
853 658 884 707 ds
904 655 1047 709 Nouelibus
1063 658 1207 711 Eleotensis
1225 660 1365 711 diocesinm
1382 668 1483 711 nostros

296 752 322 796 et
339 745 479 810 apostolice
497 744 564 795 sedis
582 744 688 795 nuncios
706 744 737 793 ds
756 757 863 808 quorum
880 743 1004 794 fidelitate
1021 759 1052 794 sc
1074 744 1300 810 circumspectione
1324 745 1399 810 plene
1424 760 1484 796 oon-

295 832 397 881 fldimns
413 831 446 881 sd
463 828 587 894 Norweys
604 828 701 880 Swsoie
726 835 752 877 et
778 826 857 879 Gocie
886 842 967 892 regnu
994 844 1041 894 pro
1068 817 1212 893 colligenda
1238 828 1359 895 'pecunie
1388 830 1485 879 decime

296 914 443 965 sexennalis
461 915 522 965 olim
544 929 590 980 por
612 913 694 965 felicis
721 911 904 964 recordationis
934 912 1093 964 Clementem
1113 901 1212 979 vpapam
1229 930 1260 964 .v.
1278 915 1484 979 predecessorem

296 1006 412 1050 nostrum
429 998 547 1063 imposito
563 1000 591 1049 in
609 998 716 1051 oonsilio
726 997 866 1049 Viennensi
883 1013 931 1063 pro
950 998 1063 1049 subsidio
1081 1005 1147 1048 terre
1165 1005 1254 1049 sancte
1271 1007 1298 1049 st
1315 1000 1378 1050 alies
1396 1008 1486 1051 contre

297 1083 404 1134 rebelles
422 1092 450 1134 et
465 1084 580 1136 inimicos
598 1082 725 1136 catholice
741 1084 800 1134 fidei
818 1084 992 1134 concertendo
1009 1098 1040 1133 ao
1057 1082 1116 1147 alijs
1130 1084 1204 1134 certis
1217 1084 1332 1148 negocijs
1344 1093 1397 1135 tem
1409 1102 1487 1150 super

296 1170 387 1219 eedem
405 1170 504 1220 decimu
519 1185 596 1235 quam
614 1169 672 1233 slijs
690 1168 738 1219 sibi
755 1182 800 1231 per
816 1169 915 1220 litteras
933 1175 1034 1219 nostres
1051 1168 1193 1219 commissis
1210 1170 1395 1231 prodiderimus
1410 1172 1486 1221 desti·

296 1254 395 1305 nendos
412 1251 599 1304 fraternitatem
617 1263 687 1304 tuem
705 1255 854 1318 requirimus
878 1260 904 1303 et
929 1254 1063 1303 hortamur
1088 1255 1206 1318 quatinus
1233 1255 1339 1304 nuncios
1365 1256 1434 1318 ipsos
1460 1263 1487 1305 st

296 1354 386 1391 eorum
403 1339 541 1404 quemlibet
557 1339 655 1389 hebens
673 1354 719 1404 pro
738 1346 827 1389 nostra
854 1346 880 1389 et
907 1337 1050 1401 apostolice
1078 1339 1145 1389 sedis
1170 1340 1312 1390 reuerentia
1337 1339 1486 1405 propensius

296 1424 490 1476 commendatos
508 1424 545 1474 sic
563 1423 659 1474 eisdem
677 1437 750 1475 cures
768 1424 886 1475 assistere
903 1422 1016 1485 consilijs
1033 1423 1138 1486 auxilijs
1156 1429 1183 1474 et
1199 1423 1332 1474 fenoribus
1356 1426 1486 1488 oportunis

297 1510 367 1574 qnod
383 1510 432 1574 ipsi
449 1510 558 1573 negocia
575 1523 621 1573 pro
639 1508 729 1573 quibus
747 1509 881 1568 mittuntur
900 1509 1005 1559 ualeant
1020 1508 1141 1574 expedire
1152 1514 1199 1558 tue
1209 1509 1338 1559 mediante
1350 1509 1487 1560 directione

297 1594 413 1658 feliciter,
429 1602 506 1659 tuqus
523 1594 629 1658 proinde
647 1599 761 1643 nostram
778 1600 805 1644 st
821 1594 888 1644 sedis
906 1595 1019 1659 predicte
1036 1593 1178 1644 uberiorem
1196 1594 1305 1657 gratiam
1322 1594 1411 1671 unless
1428 1610 1488 1659 pro·

297 1679 396 1731 mereri.
431 1680 529 1731 Datum
546 1687 572 1729 at
588 1695 671 1743 supro.

368 1764 399 1814 In
418 1766 527 1815 eundem
545 1764 650 1816 modum
703 1799 709 1813 .
745 1799 751 1813 .
787 1763 980 1828 archiepiscopo
997 1761 1143 1827 Vpsulensi

366 1849 398 1899 Iu
415 1848 491 1898 eund.
509 1849 569 1898 mod
571 1883 746 1899 .....
781 1848 902 1912 episcopo
920 1847 1082 1911 Lincopensi.
1183 1838 1187 1849 '

365 1936 397 1987 In
413 1936 489 1987 eund.
507 1936 568 1987 mod
570 1970 745 1985 .....
781 1934 903 1999 episcopo
920 1932 1046 1985 Scereusi.

365 2021 397 2071 ln
414 2022 488 2072 eund.
506 2022 567 2072 mod
569 2055 745 2071 .....
781 2020 902 2085 episcopo
919 2017 1110 2083 *Sernginensi
1144 2041 1146 2045 ⁴

365 2106 397 2158 ln
413 2107 488 2157 eund.
507 2107 569 2158 mod
570 2140 745 2155 .....
782 2106 903 2171 episcopo
919 2104 1052 2169 Bergensi.

365 2191 397 2242 In
414 2192 488 2243 eund.
507 2192 576 2243 mod.
611 2226 617 2241 .
653 2226 660 2240 .
696 2226 703 2241 .
733 2226 746 2246 ,
781 2190 903 2260 episcopo
920 2188 1147 2254 *Satannngrensi

366 2276 398 2328 In
416 2278 490 2328 eund.
508 2277 576 2329 mod.
612 2312 618 2325 .
739 2312 746 2325 .
781 2277 901 2341 episcopo
919 2274 1042 2326 Aboensi.

364 2361 397 2414 'ln
414 2363 488 2413 eund.
507 2361 575 2413 mod.
611 2398 618 2411 .
653 2397 660 2412 .
692 2392 703 2411 ν.
739 2398 745 2411 .
780 2363 902 2425 episcopo
920 2360 1111 2412 Wexsionensi.
1485 2413 1489 2420 ,

366 2446 398 2498 In
415 2449 491 2502 eund,
509 2448 569 2499 mod
570 2481 747 2498 .....
782 2446 904 2512 episcopo
920 2445 1081 2497 Hemsrsmi
1114 2461 1116 2465 ·
1185 2444 1285 2496 Datum
1303 2450 1331 2493 ut
1348 2458 1433 2508 supra.

293 2585 294 2592 ,
366 2531 398 2583 In
414 2534 490 2584 eund.
507 2534 568 2584 mod
569 2567 746 2583 .....
781 2532 903 2597 episcopo
921 2529 1067 2582 Hesloensi.

366 2616 398 2667 lu
414 2617 489 2668 eund.
507 2618 568 2669 mod
569 2652 745 2669 .....
780 2614 903 2681 episeopo
920 2615 1072 2668 Scnlotensi.

366 2701 398 2754 In
416 2703 492 2754 ennd.
509 2702 578 2754 mod.
614 2737 628 2758 .,
657 2737 664 2753 .
701 2737 708 2753 .
743 2738 749 2751 .
785 2703 908 2768 episcopo
925 2698 1108 2752 *Hortedensi

332 2822 335 2828 -
367 2786 400 2840 In
416 2771 490 2838 eund.
509 2788 570 2839 mod
572 2823 749 2839 .....
785 2788 908 2853 episcopo
923 2786 1055 2838 Phereusi.

306 2922 325 2929 ,,
365 2873 397 2923 ln
414 2873 489 2925 eund
507 2875 567 2925 mod
569 2903 746 2924 .....
781 2873 903 2939 episcopo
921 2856 1094 2943 Nellandeuii.

366 2959 397 3008 In
414 2960 489 3010 eund.
507 2960 567 3011 mod
569 2995 747 3010 .....
783 2959 904 3025 episcopo
921 2957 1140 3010 *Grenelsdieusi

366 3044 397 3094 In
414 3045 489 3095 eund.
507 3045 567 3096 mod
568 3079 745 3095 .....
782 3044 903 3110 episcopo
920 3043 1081 3097 *sodomum

364 3129 399 3179 dn
415 3131 490 3181 eund.
509 3131 569 3182 mod
570 3165 747 3181 .....
783 3131 905 3196 episcopo
924 3129 1018 3182 Olensi.

743 3211 807 3260 turus.
823 3215 865 3254 νιι.
879 3215 927 3254 tuto.
942 3224 972 3263 sp.
986 3211 1051 3258 nost.

670 3353 718 3414 58.
765 3355 855 3434 1326.
900 3355 974 3414 30te
991 3354 1118 3431 August.

365 3467 499 3519 dobannes
517 3469 650 3534 episcopus
669 3485 689 3519 s.
712 3486 732 3520 s.
756 3471 792 3520 d.‹
807 3470 900 3521 dilecto
927 3471 980 3520 lilio
1005 3470 1086 3521 nobili
1114 3474 1170 3523 uiro
1196 3470 1314 3533 Erilinge
1339 3466 1491 3519 *Viokunni

301 3552 512 3629 regniflNorneye
530 3553 645 3616 dapifero
662 3554 771 3605 sulutem
789 3563 815 3605 et
835 3556 947 3620 apostol.
966 3556 1092 3607 benedict.
1136 3556 1266 3620 cumpro
1284 3554 1360 3605 certis
1376 3553 1491 3620 negooijs

300 3654 346 3689 nos
365 3646 391 3688 et
407 3638 543 3689 ecclesiam
560 3640 704 3689 Romanam
724 3654 754 3689 ac
772 3641 945 3691 certissimum
961 3641 989 3691 in
1006 3639 1110 3692 Christo
1127 3641 1206 3690 filium
1230 3646 1347 3689 nostrum
1360 3639 1491 3702 ,Magnum

300 3737 386 3788 regem
402 3723 528 3788 Norneye
545 3724 669 3774 illustrem
688 3726 859 3788 tangentibus,
873 3726 980 3776 dilectos
992 3727 1058 3777 filios
1071 3726 1090 3777 J
1091 3727 1217 3777 ohannem
1230 3726 1261 3774 ds
1272 3723 1370 3775 Serene
1380 3723 1491 3788 priorem

232 3830 242 3853 u
300 3819 442 3858 conuentus
459 3807 566 3859 fretrum
584 3809 773 3875 predicatorum
792 3812 823 3861 de
840 3810 948 3874 Figieco
966 3810 1129 3862 (laturcensis
1145 3819 1170 3861 et
1189 3809 1348 3860 Bernardum
1366 3810 1398 3859 de
1416 3807 1492 3860 Orto-

300 3894 331 3944 lis
349 3901 474 3944 rectorem
492 3894 601 3944 ecclesie
619 3896 649 3945 de
667 3893 811 3946 Nouulibus
829 3895 974 3946 Eleetensis
999 3898 1147 3958 diocesim,
1170 3903 1272 3947 nostros
1299 3902 1326 3944 et
1350 3893 1492 3960 apostolice

301 3981 367 4030 sedis
384 3980 491 4030 nuncios
510 3979 542 4027 ad
561 3994 641 4041 regna
658 3979 790 4049 Norueye,
806 3981 904 4032 Swecie
930 3990 956 4032 et
984 3981 1065 4033 Gooio
1093 3979 1280 4046 prouiderimus
1310 3979 1490 4038 destinandost

301 4065 459 4115 nobilitatem
477 4072 549 4114 tuam
567 4080 687 4127 rogemus
705 4067 828 4117 attentius
846 4075 872 4116 et
889 4068 1022 4118 hortemur
1039 4066 1157 4131 quatinus
1175 4053 1302 4128 predictos
1332 4063 1440 4114 nuncios
1466 4070 1492 4112 et

301 4165 390 4200 eorum
408 4149 547 4213 quemlibet
564 4150 659 4201 habens
677 4167 724 4216 pro
746 4159 834 4202 nostre
860 4158 887 4202 et
913 4150 1054 4216 apostolico
1080 4150 1147 4202 sedis
1173 4148 1316 4200 reuerentia
1340 4149 1491 4214 propensius

302 4236 501 4296 commendatos,
518 4235 555 4286 sic
572 4236 667 4287 eisdem
686 4236 750 4286 nelis
767 4251 844 4301 super
860 4236 981 4301 predictis
999 4237 1117 4287 assistere
1134 4234 1239 4298 auxilijs
1255 4234 1371 4297 consilijs
1385 4233 1492 4284 etlauo·

303 4319 371 4369 ribus
389 4320 531 4382 oportunis,
550 4322 619 4384 qnod
636 4322 684 4387 ipsi
702 4320 787 4384 nuncij
806 4321 914 4384 negocia
931 4337 977 4382 pro
996 4321 1086 4385 quibus
1103 4322 1237 4370 mittuntur
1254 4319 1359 4370 ualeant
1372 4318 1492 4383 expedire

304 4409 347 4454 tuo
365 4403 455 4454 fauore
472 4407 601 4456 medianto
618 4404 734 4467 feliciter,
754 4414 830 4471 tuque
847 4415 954 4469 propter
969 4408 1020 4456 boe
1037 4407 1150 4456 diuinum
1173 4413 1200 4456 et
1222 4404 1390 4468 apostolicam
1415 4404 1492 4454 bene·

303 4489 439 4540 dictionem
455 4497 483 4540 et
498 4491 607 4554 gretiam
624 4492 726 4542 uberius
744 4493 871 4542 merseris.
910 4478 1009 4543 Detum
1026 4490 1157 4541 Aninione
1174 4489 1217 4552 iij.
1236 4487 1360 4539 kalendas
1378 4488 1492 4553 Septem·

303 4573 351 4624 bris
369 4575 532 4638 pontificatus
550 4576 631 4626 nostri
649 4591 716 4628 anno
735 4577 840 4628 decimo.

368 4659 401 4710 In
418 4659 514 4710 eundem
530 4660 622 4711 modum
639 4661 767 4713 nobilibus
785 4662 846 4711 uiris
862 4659 969 4711 Kauuto
988 4659 1114 4712 lobannis
1127 4673 1265 4723 regnorum
1274 4657 1369 4709 Suecie
1378 4663 1405 4707 et
1413 4657 1492 4708 Gooie

303 4743 427 4815 dapifero,
456 4745 562 4797 Kenuto
591 4747 720 4808 Falconis,
749 4745 855 4796 Kanuto
880 4746 978 4810 Magni,
1004 4744 1137 4809 Aringislo
1161 4743 1343 4818 Neslrunnngi·
1356 4758 1491 4806 regnorum

302 4823 397 4879 Swsois
415 4836 441 4879 et
459 4828 540 4881 Gooie
556 4831 708 4882 marescallo
726 4844 757 4881 ac
773 4830 871 4882 Ksrolo
888 4830 1066 4894 Neskunungi.
1100 4829 1199 4880 Datum
1215 4837 1241 4878 ut
1257 4843 1340 4892 snpra.
1380 4833 1386 4862 ¹

740 4912 809 4959 turen.
826 4914 868 4951 unc.
883 4915 929 4952 tute.
945 4923 974 4960 ep.
988 4909 1053 4956 tuost.
