3584 5625
866 505 926 565 150

297 699 413 753 argento,
430 688 568 740 monitione
586 689 674 753 preuia
690 704 736 751 per
761 704 893 740 censuram
917 691 1116 741 ecclesiasticam
1142 691 1315 757 appellatione
1342 692 1486 757 postposita

297 773 471 839 compellendi,
489 782 515 822 et
532 773 669 824 innocendi
687 782 775 824 contra
792 790 836 825 eos
854 791 930 839 super
946 777 996 824 hoc
1012 776 1032 823 si
1046 791 1152 826 necesse
1164 775 1240 825 luerit
1252 776 1379 827 auxilium
1388 776 1484 839 brachij

297 859 426 917 secularis,
444 860 595 909 auctoritate
613 860 768 921 presentium
792 861 902 910 debitam
929 860 973 910 tibi
1003 862 1165 911 concedimus
1195 859 1352 910 facultatem.
1390 862 1485 911 Datum

296 944 377 995 Rome
395 945 461 1009 apud
480 952 596 994 sanctum
613 942 718 993 Petrum
736 960 766 991 .v.
780 944 839 994 idus
857 943 927 1006 Junij
946 946 1109 1007 pontificatus
1126 946 1205 996 nostri
1223 959 1290 995 auno
1310 944 1364 1008 lje·

437 1018 439 1025 ’
653 1027 720 1070 (Arci.
736 1027 777 1066 ist.
790 1027 836 1074 Μ.
853 1028 894 1067 hic.
911 1028 937 1065 tu.
952 1038 984 1067 sn.
997 1030 1019 1066 ll.
1035 1039 1064 1078 ap.
1081 1027 1133 1073 us).

702 1235 764 1309 19.ι
795 1252 882 1310 1279.
928 1251 984 1310 ees
1004 1251 1085 1311 duni.

362 1369 485 1420 Nicolans
503 1370 636 1434 episcopus
654 1383 673 1417 s.
693 1383 711 1416 s.
731 1368 755 1416 d.
774 1368 869 1417 dilecto
888 1365 941 1415 filio
964 1366 1086 1430 magistro
1111 1368 1255 1417 Bertrando
1282 1366 1410 1416 Amalrici
1437 1374 1483 1416 etc.

296 1461 342 1504 etc.
370 1455 479 1505 salutem
505 1461 552 1503 etc.
597 1452 635 1501 Te
664 1466 744 1515 nuper
774 1452 933 1515 significante
962 1453 1115 1516 accepimus,
1144 1454 1211 1516 quod
1240 1452 1267 1501 in
1295 1451 1486 1502 cathedralibus

295 1539 410 1603 ecclesijs
427 1542 452 1589 in
470 1540 547 1589 Datie
565 1546 592 1588 et
609 1536 695 1589 Suetie
713 1537 797 1600 regnis
816 1535 961 1586 constitutis
973 1535 1090 1586 nonnulli
1103 1537 1216 1586 redditus
1225 1534 1365 1586 deuotione
1373 1535 1485 1586 bdelium

295 1624 410 1687 deputati
428 1625 548 1683 existunt,
566 1638 599 1673 ex
618 1622 708 1686 quibus
725 1636 771 1686 per
786 1635 923 1685 personam
941 1622 974 1670 ad
991 1623 1041 1671 hoc
1058 1622 1203 1686 specialiter
1220 1622 1370 1684 deputatam
1388 1621 1485 1671 clericis

295 1708 459 1757 ecclesiarum
477 1707 542 1758 inira
560 1709 648 1757 eadem
667 1709 746 1769 reg'na
764 1706 957 1755 consistentium
974 1706 1061 1755 riuum
1078 1713 1105 1757 et
1122 1707 1188 1756 ostie
1204 1705 1278 1755 anuis
1290 1705 1402 1768 singulis
1414 1706 1485 1755 mini-

295 1799 416 1841 strantur.
452 1791 521 1853 Quia
537 1807 599 1842 nero
618 1806 651 1841 aa
669 1792 700 1841 de
720 1792 863 1841 huiusmodi
882 1791 1020 1840 redditibus
1038 1792 1107 1857 exigi
1125 1792 1217 1841 debeat
1234 1792 1340 1849 decima,
1351 1790 1485 1839 consulta·

295 1874 390 1926 donem
408 1891 423 1925 a
441 1878 501 1927 sede
518 1877 660 1942 apostolica
677 1875 823 1941 postulasti,
840 1890 888 1924 nos
907 1882 978 1925 tuem
996 1876 1155 1939 diligentiam
1166 1878 1384 1936 commendantes,
1394 1879 1485 1927 discre-

283 1962 358 2010 .tioni
377 1969 420 2011 tue
438 1977 482 2026 per
499 1961 642 2027 apostolica
659 1963 754 2025 scripta
770 1961 931 2021 mandamus,
948 1968 1073 2023 qnatenus
1091 1962 1112 2010 si
1128 1970 1268 2025 prouentus
1289 1962 1337 2026 ipsi
1362 1962 1397 2011 sit
1423 1963 1486 2012 adeo

295 2047 389 2109 magni,
408 2048 477 2111 quod
494 2048 641 2097 ministratis
660 2046 720 2096 uiuo
739 2053 765 2095 et
782 2044 855 2108 ostijs
873 2045 982 2095 multum
997 2060 1030 2094 ex
1041 2045 1092 2095 illis
1101 2048 1203 2096 noueris
1213 2061 1354 2107 superesse,
1366 2046 1486 2097 uolumus

295 2132 363 2193 quod
381 2133 412 2180 de
429 2133 481 2182 illis
499 2132 644 2182 huiusmodi
662 2131 761 2180 decima
778 2131 948 2194 persoluetur.
990 2130 1017 2181 si
1035 2146 1097 2181 uero
1114 2131 1194 2180 nichil
1210 2131 1252 2180 uel
1268 2146 1360 2196 parurn
1377 2146 1412 2180 cx
1430 2146 1486 2196 pra·

294 2216 368 2265 dictis
378 2217 517 2268 redditibus
530 2224 680 2282 superesset,
689 2214 945 2279 nichilpersoluatur
961 2216 993 2265 de
1010 2216 1072 2280 ipsis
1089 2223 1194 2280 propter
1211 2215 1381 2266 reuerentiam
1399 2216 1486 2265 diuini.

293 2301 378 2351 cultus
395 2309 422 2351 et
445 2302 542 2352 domini
566 2308 760 2352 sacramentum.
803 2300 902 2350 Datum
926 2301 1009 2351 Rome
1035 2301 1103 2365 apud
1129 2303 1244 2351 sanctn'm
1269 2300 1375 2351 Petrum
1402 2316 1434 2349 .r.
1452 2302 1485 2350 id.

295 2368 368 2448 Ju'nij
386 2386 549 2450 pontificatus
566 2386 647 2436 nostri
665 2399 733 2435 anno
752 2383 805 2448 eje>

651 2466 717 2513 (trah.
733 2469 773 2509 vrt
788 2470 833 2517 ¹¹⁰8·
848 2468 888 2507 liic.
903 2468 931 2507 lli.
946 2478 975 2508 aa
990 2469 1011 2506 11.
1025 2478 1055 2517 sp.
1071 2466 1123 2512 til).

685 2694 734 2753 20.
780 2694 869 2752 1279.
916 2693 991 2752 lade
1012 2692 1092 2752 Juui.

360 2807 490 2860 Nicolaus.
509 2810 586 2875 episc.
604 2826 624 2860 s.
643 2827 664 2860 s.
682 2810 707 2860 d.
725 2807 923 2859 venerabilibus
941 2808 1062 2861 fratribus
1085 2808 1209 2861 uniuersis
1235 2801 1435 2874 archiepiscopis
1457 2817 1486 2858 et

293 2894 418 2958 episcopis
436 2910 467 2944 ac
485 2895 584 2946 dilectis
602 2895 662 2958 filijs
680 2895 823 2954 abhatibus,
840 2895 974 2958 prioribus,
993 2895 1103 2955 decanis,
1122 2895 1315 2956 archidiaconis,
1341 2893 1485 2958 prepositis,

294 2987 320 3028 et
336 2978 394 3043 alijs
412 2980 576 3031 ecclesiarum
593 2980 698 3044 prelatis
715 2994 761 3043 per
777 2980 855 3028 Datis
873 2987 899 3028 et
916 2979 1002 3029 Suetie
1026 2994 1106 3043 regna
1129 2979 1274 3029 constitutis
1300 2978 1410 3028 salutem
1437 2984 1484 3026 etc.

293 3063 385 3127 Gregis
403 3065 522 3115 dominici
538 3073 655 3128 pastores
672 3065 805 3114 constituti
823 3063 961 3126 uigilanter
977 3066 1132 3126 consurgite,
1150 3072 1244 3114 cuncta
1267 3069 1416 3126 satagentes
1435 3063 1484 3111 nir-

292 3156 355 3209 tute,
372 3157 401 3197 ut
418 3157 485 3199 terra
503 3150 625 3214 eripiatur
642 3148 758 3199 celeriter
776 3155 801 3198 et
819 3147 927 3198 feliciter
943 3149 975 3196 de
992 3148 1048 3199 fera
1064 3148 1204 3199 infidelium
1226 3157 1363 3213 potestate,
1381 3149 1407 3196 iu
1435 3162 1485 3214 qna

294 3234 416 3284 Jsraelita
432 3235 483 3296 ille,
501 3237 527 3284 in
544 3248 596 3297 quo
615 3234 690 3283 dolus
707 3249 758 3283 non
776 3232 833 3292 fuit,
859 3246 907 3298 pro
934 3233 1038 3283 humani
1061 3234 1235 3298 redemptione
1257 3233 1358 3298 generis
1386 3232 1483 3282 doloris

293 3327 401 3381 punctus
419 3321 515 3370 aculeis
533 3327 559 3368 et
576 3319 655 3382 usrijs
673 3318 772 3381 iniurijs
789 3318 932 3380 lacessitus,
949 3320 1040 3369 mortis
1057 3319 1159 3368 deuicto
1185 3313 1284 3379 aculeo,-
1300 3319 1403 3382 aperuit
1431 3330 1483 3365 cre-

292 3405 410 3454 dentibus
426 3418 507 3469 regna
524 3405 645 3454 celorum.
689 3402 745 3453 Vos
766 3404 867 3468 quidem
884 3403 965 3452 latere
983 3418 1035 3453 nou
1053 3405 1188 3462 credimus,
1206 3405 1251 3453 sed
1268 3404 1413 3453 indubitate
1432 3414 1484 3451 ccr-

292 3489 406 3539 titudinis
425 3490 601 3540 credulitatem
619 3497 713 3549 tenere,
732 3488 800 3552 quod
816 3476 860 3537 iel.
890 3503 965 3537 mem.
995 3489 1104 3538 Romani
1132 3488 1265 3551 pontifices
1289 3488 1483 3552 predecessores

292 3576 371 3624 nostri
401 3576 428 3624 iu
456 3575 621 3639 procurandis
648 3574 714 3624 dicte
741 3581 807 3623 torre
836 3574 952 3623 comodis
977 3574 1110 3635 libertatis,
1137 3575 1232 3625 amoris
1258 3573 1355 3622 dudum
1383 3571 1483 3634 fatigati

292 3659 415 3721 suspirijs,
433 3674 560 3709 unacum
578 3660 697 3710 subiectis
721 3660 767 3708 sibi
786 3656 948 3709 Christicolis
966 3658 1072 3708 diuersis
1090 3675 1167 3724 super
1189 3659 1240 3708 hoc
1263 3659 1354 3707 salutis
1375 3656 1484 3707 consilia

248 3786 250 3791 .
292 3745 463 3808 quesiuerunt.
497 3743 595 3794 Verum
612 3744 672 3808 quia
688 3743 777 3796 forsan
794 3743 868 3807 plebe
885 3743 1014 3793 dominica
1031 3745 1145 3794 nondum
1163 3750 1323 3808 promerente
1340 3757 1418 3806 super
1434 3741 1484 3791 hoc

292 3845 384 3879 uocem
401 3846 417 3878 a
435 3829 539 3880 domino
557 3830 636 3895 proch
655 3828 728 3880 dolor
745 3826 918 3878 exauditionis
935 3829 1032 3888 audire,
1050 3830 1090 3892 pic
1109 3829 1229 3878 memorio
1252 3827 1394 3892 Gregorius
1417 3842 1486 3892 papa

292 3915 457 3977 predecessor
474 3922 569 3973 noster,
587 3915 630 3977 qui
647 3916 759 3964 ciusdem
777 3921 843 3963 terre
861 3913 987 3962 miseriam
1006 3913 1135 3977 corporeis
1153 3920 1324 3977 conspexerat
1342 3912 1434 3973 oculis,
1448 3911 1486 3960 illi

292 4013 339 4049 nec
356 4000 456 4057 mirum,
473 4005 499 4047 et
516 4013 562 4062 pro
580 3999 625 4048 illa
645 3999 851 4049 Christianorum
869 3996 957 4046 effusis
975 3998 1087 4047 lacrimis
1105 4006 1132 4047 et
1148 3998 1332 4061 multiplicibus
1351 3997 1485 4047 laboribus

293 4085 359 4134 sicut
375 4091 463 4148 pastor
480 4084 601 4143 solicitus,
620 4084 661 4133 cui
678 4083 893 4149 potissime'dicte
918 4091 983 4131 terre
1010 4084 1147 4133 solicitudo
1175 4084 1337 4146 procurando
1365 4085 1485 4134 custodie

291 4168 442 4229 immineret,
459 4169 623 4218 uehementer
639 4168 798 4232 compatiens
816 4169 971 4232 diligentius,
989 4169 1090 4218 demum
1108 4182 1207 4232 quoque
1226 4169 1400 4227 considerans,
1419 4171 1488 4233 quod

293 4253 327 4302 ad
343 4254 423 4315 ipsius
441 4263 506 4302 terre
524 4261 659 4319 prenotate
676 4255 862 4318 procurandam
880 4254 990 4303 salutem
1013 4268 1101 4303 eorum
1128 4262 1201 4303 crant
1227 4253 1325 4303 auxilia
1348 4262 1488 4318 oportuna,

293 4337 383 4401 quibus
401 4339 485 4387 diuine
502 4340 642 4390 maiestatis
660 4341 767 4402 largitas
784 4340 811 4388 in
829 4354 874 4389 sue
892 4339 975 4388 laudis
993 4339 1143 4402 obsequium
1160 4338 1288 4388 concessit
1311 4339 1381 4388 bona
1400 4340 1490 4390 omnia

293 4423 427 4484 decimare,
445 4426 558 4474 omnium
576 4425 807 4475 ecclesiasticorum
826 4433 995 4486 prouentuum
1005 4423 1137 4481 decimam,
1148 4438 1221 4474 sacru
1234 4424 1393 4488 approbante
1407 4421 1489 4474 *con-

250 4520 252 4524 ‘
293 4507 351 4557 silio
369 4507 541 4569 Lngdrrnensi,
559 4510 585 4559 in
602 4511 681 4574 ipsius
699 4518 765 4559 terro
784 4497 930 4558 subsidium
943 4509 1083 4571 deputanit.
1121 4508 1203 4569 igitur
1220 4509 1281 4557 licet
1292 4509 1398 4558 tirmiter
1412 4519 1489 4561 antu-

293 4607 392 4642 mamus
410 4594 478 4657 qnod
494 4595 565 4644 velut
582 4595 733 4645 sinceritatis
751 4594 797 4657 filij
826 4602 851 4643 et
878 4593 1018 4645 Christiani
1045 4594 1155 4642 nominis
1182 4603 1365 4658 propagatores
1395 4597 1489 4646 sinceri

294 4677 410 4726 existatis
428 4677 455 4726 in
473 4680 602 4729 solutione
619 4680 763 4730 huiusmodi
782 4679 878 4728 decime
895 4679 1022 4739 liberales,
1049 4678 1228 4729 nichilominus
1255 4686 1341 4729 tamen
1367 4695 1424 4741 uos,
1444 4682 1489 4744 qui

295 4763 406 4813 eiusdem
425 4770 490 4814 terre
508 4764 640 4827 negotium
659 4766 835 4815 deducendum
853 4765 885 4813 ad
904 4771 1008 4828 portum
1026 4762 1155 4812 felicitatis
1173 4771 1261 4826 optate
1286 4764 1431 4814 bauiiamus
1460 4766 1489 4815 in

294 4847 386 4904 mantis
404 4853 491 4897 nostre
510 4848 583 4908 solio,
602 4850 731 4911 singulare
748 4849 905 4899 confidentes
923 4849 950 4897 in
974 4849 1085 4905 domino,
1113 4849 1181 4910 quod
1210 4849 1302 4897 nostris
1332 4862 1409 4912 super
1436 4849 1487 4900 hoc
