3584 5625
931 481 969 538 92

353 664 484 722 diuersos
503 684 643 740 permoneo
663 683 738 742 queo
759 665 908 724 nominare
929 664 1022 722 noluit
1045 692 1081 703 ···
1106 666 1192 741 xxvj.
1212 686 1301 727 merc.
1322 676 1352 727 et
1370 665 1410 741 iij.
1427 685 1470 723 or.
1480 676 1546 740 erg.-

314 820 317 825 .
354 766 489 841 ponderis
510 767 669 827 Scerensis.

438 866 510 923 Item
535 895 571 905 -
596 888 655 926 .xx.
677 888 765 926 merc.
787 868 852 927 den.
875 866 1049 927 Sueuomm.

438 967 512 1025 Item
536 968 584 1043 iij.
605 989 717 1045 pennos
729 970 764 1027 de
775 970 971 1044 Ardenborgh
982 969 1091 1027 valoris
1105 996 1138 1007 -
1154 970 1263 1045 miij.
1273 969 1326 1029 eoi.
1337 988 1421 1047 grone
1432 970 1546 1026 Toron.

439 1069 514 1126 Item
535 1088 624 1128 vnum
646 1090 772 1147 pannum
795 1071 831 1127 de
852 1070 960 1145 Brugie
981 1070 1090 1129 valoris
1107 1099 1135 1107 -
1153 1071 1230 1147 aiiij.
1247 1071 1300 1129 soi
1317 1089 1409 1148 grone.
1426 1071 1546 1128 Toron.

438 1172 510 1229 Item
528 1189 615 1227 vnem
637 1171 749 1248 peciem
770 1173 807 1231 de
829 1190 927 1247 penno
945 1170 1029 1231 Sirici
1052 1189 1118 1230 cum
1140 1171 1213 1231 licie
1233 1172 1404 1230 eume-iretis
1433 1170 1548 1229 valoris

354 1301 395 1311 -
417 1272 455 1348 cij.
477 1272 529 1330 sol.
551 1290 641 1347 gross.

438 1373 512 1431 Item
535 1371 606 1448 jiij‘r
619 1373 749 1433 timbries
770 1376 806 1432 de
827 1373 952 1450 pellibus
971 1372 1059 1449 verijs
1081 1375 1117 1431 de
1129 1370 1284 1432 Finlendie
1300 1371 1409 1433 valoris
1429 1400 1461 1411 -
1477 1371 1548 1447 ,viij.

358 1474 411 1535 eol.
432 1494 521 1553 grone.

439 1576 511 1634 Item
533 1594 620 1633 vnem
642 1573 786 1633 timbriem
813 1574 932 1651 pellium
959 1575 1178 1633 mertelinerum
1209 1573 1318 1634 veleris
1346 1603 1387 1613 ·-
1421 1591 1457 1632 .v.
1492 1573 1547 1633 eol.

354 1696 445 1755 gross.
467 1677 690 1756 Turonensium.

674 1777 797 1854 Recepit
812 1774 1038 1851 jnetmmentum
1061 1775 1221 1839 Johennee.

439 1980 513 2039 Item
535 1999 610 2040 enno
632 1998 691 2055 quo
712 1998 809 2056 cupre.
832 1980 879 2037 die
896 1999 932 2037 .v.
945 1979 1150 2055 meneisJunij.
1171 1978 1281 2055 Recepi
1292 1997 1310 2035 a
1321 1978 1380 2036 doe
1391 1978 1544 2055 Episcopo

355 2079 529 2156 Lincopensi
548 2102 600 2157 per
622 2099 722 2139 manus
744 2082 868 2140 dfiorum
896 2082 1040 2140 Johennis
1061 2079 1278 2157 Archidyeconi
1307 2089 1336 2137 et
1362 2073 1466 2138 Keroli
1490 2081 1543 2138 de·

356 2180 423 2240 ceni
454 2181 574 2240 ecclesie
606 2182 780 2258 Lincopenei
813 2183 850 2241 de
877 2183 979 2258 legatie
1000 2182 1083 2241 iactis
1106 2182 1136 2240 in
1160 2181 1319 2240 subsidium
1341 2190 1418 2239 terre
1440 2187 1545 2240 sancte

355 2301 408 2358 per
428 2282 559 2341 diuersas
580 2302 719 2359 personas
740 2302 814 2360 quae
836 2284 985 2342 nominare
1007 2284 1162 2343 noluerunt
1183 2310 1223 2321 -
1247 2281 1325 2356 ‚xiiij.
1359 2300 1449 2341 merc.
1481 2301 1546 2358 erg.

222 2415 226 2423 ·
261 2457 265 2465 ι
356 2384 493 2460 ponderis
516 2383 674 2446 Soarensis.

438 2486 512 2544 Item
536 2486 592 2570 ,im
605 2504 717 2545 merces
737 2495 851 2545 monete
873 2485 1025 2546 Guttensis
1051 2486 1089 2543 ed
1118 2486 1196 2544 idem
1227 2484 1342 2561 pondus
1363 2485 1543 2560 ponderatos

356 2606 414 2664 que
434 2587 550 2649 uendite
571 2588 687 2647 fuerunt
707 2607 760 2663 pro
785 2617 817 2627 -
843 2588 932 2646 xxix.
954 2587 1007 2647 eol.
1029 2606 1120 2663 groes.
1143 2585 1253 2645 Toron.

678 2689 801 2767 Recepit
816 2688 1041 2764 jostrumentum
1062 2686 1221 2747 Johennee.

441 2895 513 2952 Item
534 2894 645 2970 Recepi
667 2914 685 2953 e
706 2892 764 2952 diro
785 2893 874 2952 Petro
897 2893 933 2951 de
955 2890 1192 2969 Faeringetunum
1216 2889 1366 2951 Canopico
1387 2888 1546 2966 Vpselenei

357 3015 409 3072 pro
431 2997 558 3073 quodem
579 2996 675 3070 legato
697 2995 773 3054 iacto
795 3014 847 3071 per
868 2994 1022 3071 quemdam
1051 2993 1272 3068 parrochianum
1304 3010 1390 3051 suum
1421 3025 1458 3033 ·-
1492 2991 1542 3066 eti.

358 3116 446 3155 mero.
468 3097 533 3155 den.
554 3095 728 3157 Sueuorum.

726 3176 839 3256 Herm
865 3196 975 3255 recres
997 3197 1051 3258 sub
1072 3196 1176 3273 sigillo.

442 3402 515 3459 Item
536 3400 647 3478 Recepi
668 3421 686 3460 e
706 3401 811 3459 Priore
830 3399 1050 3459 Predicetorum
1071 3399 1107 3456 de
1127 3397 1263 3458 *Gitonie
1288 3397 1459 3473 Vpseleneis
1481 3397 1547 3475 dio·

359 3502 431 3561 cesis
453 3520 506 3578 pro
528 3502 605 3561 dicto
626 3503 723 3579 legato
744 3501 820 3562 iacto
842 3522 894 3579 per
915 3502 1067 3578 quendem
1088 3519 1241 3576 perronem
1272 3518 1360 3576 quam
1391 3498 1544 3558 nominare

360 3604 453 3663 noluit
473 3632 515 3642 —
538 3604 584 3680 iij.
596 3605 707 3686 floren.
727 3623 844 3680 paruos.

760 3705 866 3764 Noluit
892 3705 999 3764 hebere
1020 3703 1141 3762 litteras.

838 3907 885 3966 ,xl.
907 3915 1043 3965 marcet
1065 3903 1113 3980 iij.
1144 3923 1185 3964 or.
1207 3923 1267 3981 erg.
1296 3901 1433 3981 ponderis
1460 3903 1548 3965 Scer-

882 4012 967 4050 ensis.

362 4073 426 4156 [ap]
457 4078 576 4139 Summa
598 4079 683 4137 huius
705 4077 812 4155 pagine
839 4077 895 4152 iiij.
917 4078 981 4133 libr.
1002 4084 1031 4132 et
1053 4074 1100 4149 .xj.‘
1122 4073 1174 4133 sol.
1200 4092 1291 4149 gross.
1321 4073 1550 4135 Turoneneium.

839 4161 926 4236 .xxvj.
949 4180 1036 4218 marc.
1059 4159 1124 4217 den.
1148 4158 1322 4220 Sueuorum.

839 4247 885 4322 eij.
904 4246 1003 4305 floren.
1026 4243 1117 4322 perui.
