3584 5625
865 475 921 531 119

319 637 323 648 Ι
381 662 455 721 Item
477 661 534 720 emi
556 662 660 720 ibidem
684 679 859 737 pergamena
881 678 935 735 pro
957 658 1140 734 processibus
1163 660 1306 719 mittendis
1339 663 1376 720 ed
1405 664 1483 723 Nor·
1507 643 1510 648 Δ

296 764 428 841 wegiem.
451 762 525 823 solui
547 790 588 801 -
611 783 648 821 α.
670 780 759 836 gross.
783 760 975 818 Turonenses.

382 865 455 923 Item
476 865 515 923 iui
539 864 684 923 deScaris
706 880 807 919 uersus
830 861 1003 937 strengenes
1026 870 1055 919 et
1076 861 1141 919 dedi
1164 861 1394 923 ductoribus-
1417 866 1484 940 .xiij.

296 986 390 1044 gross.
414 966 607 1024 Turonenses.

381 1069 455 1126 Item
477 1067 542 1125 dedi
564 1066 671 1125 iomolo
694 1066 743 1143 qui
764 1065 892 1141 portauit
913 1083 1064 1141 processus
1086 1066 1123 1122 ed
1149 1066 1335 1142 Norwegiem
1358 1087 1410 1143 pro
1433 1088 1482 1127 ex-

297 1170 405 1247 pensis,
429 1168 557 1227 vestibus
578 1178 607 1226 et
629 1168 818 1225 calciamento
835 1193 875 1203 -
896 1165 973 1241 ‚xvij.
987 1166 1038 1225 sol.
1050 1184 1139 1242 gross.
1152 1167 1372 1250 Turonepsium.
1389 1179 1484 1243 preter

297 1289 440 1348 expensos
462 1289 535 1346 quos
556 1269 610 1327 sibi
634 1268 685 1327 ieci
710 1289 761 1345 per
782 1266 807 1341 .j.
833 1286 968 1326 mensem.

381 1371 455 1429 Item
479 1371 578 1447 urvij't'
606 1371 651 1429 die
674 1367 826 1444 Februarij
849 1368 923 1427 solui
953 1368 1127 1444 Strengenes
1161 1389 1213 1446 pro
1246 1389 1420 1445 pergameno
1447 1400 1480 1408 ν’

296 1494 333 1532 .v.
356 1492 446 1550 gross.
470 1474 662 1532 Turonenses.

381 1567 454 1632 Item
478 1574 534 1649 .xij.
557 1572 603 1630 die
625 1572 727 1647 Mercij
750 1571 823 1631 solui
846 1572 1014 1631 ductoribus
1036 1571 1085 1646 qui
1107 1591 1153 1631 me
1175 1572 1321 1629 duxerunt
1331 1573 1482 1649 Vpseliem

297 1704 337 1715 —
360 1674 404 1750 .vj.
426 1694 518 1752 gross.
541 1675 734 1734 Turonenses.
1333 1674 1335 1678 ’

381 1776 455 1834 Item
478 1776 542 1834 misi
563 1794 652 1834 vnum
674 1774 811 1833 nuncium
834 1774 892 1831 dfio
917 1772 1066 1833 Arosiensi
1088 1773 1276 1848 significando
1298 1776 1351 1834 sibi
1374 1776 1482 1835 eduen·

297 1887 359 1937 tum
380 1895 476 1936 meum
500 1879 535 1935 de
557 1878 614 1936 dfio
635 1876 717 1952 Rege
738 1887 766 1934 et
787 1876 866 1952 quod
887 1875 916 1931 in
938 1874 1070 1949 proxImo
1098 1875 1281 1933 intendebam
1315 1878 1413 1935 uenire
1446 1880 1482 1936 ed

297 1998 363 2037 eum
386 1988 415 2036 et
435 1980 574 2054 rogabam
596 1978 689 2055 ipsum
712 1987 743 2034 vt
765 1977 896 2035 raciones
918 1994 985 2034 snas
1007 1976 1165 2034 inuenirem
1187 1988 1312 2053 paretes.
1329 1980 1394 2036 dedi
1407 1981 1483 2038 dicto

296 2081 403 2139 nuncio
427 2106 461 2117 ·-·
487 2098 544 2137 ,η
566 2099 656 2156 gross.
681 2079 873 2137 Turonenses.
896 2078 965 2154 quio
987 2078 1115 2168 oportuit·
1135 2098 1200 2136 eum
1223 2080 1303 2157 sequi
1326 2081 1363 2139 ed
1382 2082 1482 2140 Valles

296 2180 379 2239 iuxta
400 2181 523 2239 confinia
543 2181 700 2256 Norwegie
724 2189 755 2237 ut
777 2178 857 2236 dixit.

380 2282 454 2340 Item
476 2282 540 2341 dedi
564 2282 672 2340 cursori
695 2282 743 2338 dni
765 2281 973 2357 archiepiscopi
991 2282 1152 2340 Lundensis
1170 2302 1318 2360 perquem
1332 2286 1399 2346 mihi
1410 2307 1482 2346 nun·

297 2381 386 2443 ciouit
407 2394 528 2442 mortem
549 2384 598 2442 dni
619 2383 768 2442 Bondonis
790 2384 891 2442 deceni
914 2383 1119 2456 Roslrildensis‚
1140 2386 1186 2443 cui
1213 2386 1251 2443 ibi
1284 2388 1483 2448 commiseram

298 2485 376 2543 vices
396 2502 476 2545 mess
496 2514 538 2524 -
561 2504 597 2542 .x.
618 2504 709 2562 gross.
732 2480 941 2543 Turonenses.

380 2585 455 2644 Item
477 2588 577 2645 audite
598 2596 690 2645 morte
712 2588 760 2645 dni
782 2586 931 2646 Bondonis
951 2585 1064 2644 Deceni
1084 2588 1281 2648 Roskildensis
1295 2592 1481 2669 commissarij
1495 2596 1582 2638 Μὴ

298 2688 352 2746 mei
375 2688 440 2747 misi
460 2688 625 2747 Johennem
646 2677 941 2747 Nicholai'clericum
965 2707 1058 2746 meum
1086 2697 1115 2747 et
1143 2692 1286 2749 notorium
1308 2692 1337 2751 in
1359 2694 1483 2752 Daciam

297 2808 349 2866 pro
372 2788 500 2865 negocijs
522 2792 726 2868 promouendis
747 2799 775 2849 et
798 2809 850 2867 pro
872 2789 1077 2866 recuperandis
1097 2791 1180 2851 bonis
1202 2792 1251 2851 dni
1275 2814 1360 2871 pepe,
1382 2794 1483 2856 litteris

299 2900 325 2950 et
340 2890 541 2965 jnstrumentis
563 2913 619 2969 que
642 2893 719 2952 dicto
742 2894 799 2951 dr'ro
823 2893 955 2950 Bondoni
978 2893 1185 2952 commiseram.
1213 2905 1242 2952 et
1262 2896 1335 2955 solui
1358 2917 1410 2973 pro
1433 2917 1482 2954 ex·

298 2993 393 3068 pensis
416 2993 475 3051 suis
496 3014 550 3071 pro
572 2995 630 3070 .xij.
655 2995 821 3070 septimanis
843 2994 948 3070 quibus
969 2993 1022 3052 fuit
1049 2995 1076 3052 in
1106 2994 1154 3052 via
1176 3024 1216 3033 —
1238 2996 1294 3071 .vij.
1318 2997 1369 3054 sol.
1393 3016 1483 3072 groes.

299 3093 517 3153 Turonensium.

381 3196 453 3254 Item
477 3197 543 3255 dedi
567 3199 675 3256 cursori
704 3198 753 3255 dni
782 3198 919 3274 Episcopi
953 3199 1143 3274 Lincopensis
1176 3200 1225 3275 qui
1256 3199 1324 3257 mihi
1357 3201 1485 3276 portauit

298 3295 407 3356 litterae
429 3316 497 3357 suos
520 3318 608 3374 super
630 3301 822 3359 excusacione
843 3320 895 3358 suo
918 3302 995 3376 quod
1024 3321 1079 3357 non
1110 3301 1236 3358 audebat
1268 3300 1414 3377 exponere
1447 3303 1484 3359 cd

231 3426 238 3439 ν
299 3397 374 3454 uiam
397 3407 499 3458 uersus
520 3399 695 3461 Stokholmis
716 3402 854 3478 pecunias
876 3420 949 3477 ques
971 3402 1024 3461 sibi
1043 3402 1215 3460 dImiseram.
1228 3430 1266 3440 —
1279 3403 1305 3478 .j.
1320 3421 1407 3460 merc.
1421 3404 1484 3461 den.

300 3497 469 3560 Succorum.

381 3602 456 3660 Item
479 3604 544 3661 dedi
566 3605 678 3663 cursori
700 3605 748 3661 dni
772 3605 909 3681 Episcopi
931 3605 1134 3663 Wexionensis
1155 3624 1207 3681 per
1223 3624 1309 3681 quem
1321 3607 1412 3666 eidem
1425 3607 1483 3665 dfio

299 3703 446 3782 Episcopo
468 3706 642 3782 Lincopensi
664 3708 764 3782 scripsi
851 3707 877 3782 .j.
900 3726 987 3764 merc.
1010 3709 1072 3764 den.
1095 3707 1266 3767 Sueuorum.
1393 3738 1405 3781 Ι

383 3807 457 3864 Item
481 3808 526 3865 die
549 3827 604 3866 .xv.
627 3809 737 3884 Aprilis
760 3809 822 3866 misi
844 3808 946 3866 iterum
969 3810 1105 3866 nuncium
1139 3811 1175 3866 ed
1204 3811 1271 3867 dum
1303 3809 1482 3884 Episcopum

300 3909 465 3968 Aboensem
489 3910 535 3967 cui
558 3911 623 3968 dedi
645 3929 697 3987 pro
720 3912 807 3968 maris
827 3912 949 3970 transitu
972 3922 1000 3969 et
1027 3931 1079 3988 pro
1109 3911 1243 3986 expensis
1265 3940 1302 3948 -
1327 3909 1374 3985 iij.
1397 3930 1483 3968 marc.

301 4010 362 4071 den.
386 4009 558 4071 Sueuorum.

380 4113 455 4172 Item
478 4135 531 4191 pro
553 4115 670 4174 sellario
692 4134 745 4173 suo
772 4142 803 4151 ·-
829 4114 885 4188 iiij.
910 4115 960 4173 sol.
983 4133 1072 4190 gross.
1096 4114 1320 4172 Turonensium.

382 4216 454 4274 Item
477 4217 534 4275 emi
554 4236 728 4293 pergamena
750 4237 803 4293 pro
834 4246 857 4253 ·-
887 4216 943 4290 .vij.
963 4235 1053 4292 gross.
1076 4216 1302 4274 Turonensibus.

382 4320 455 4378 Item
478 4319 555 4396 .xvj'.⁸
570 4319 616 4377 die
637 4319 707 4395 Maij
732 4320 797 4377 dedi
819 4318 932 4377 ductori
951 4319 999 4394 qui
1023 4338 1068 4376 me
1100 4318 1183 4376 duxit
1214 4337 1306 4394 usque
1335 4319 1484 4393 Arbughee

301 4443 351 4499 per
371 4442 478 4500 aquom
502 4449 537 4460 -
563 4421 619 4497 .xij.
641 4440 732 4498 gross.
754 4421 948 4479 Turonenses.

384 4525 458 4583 Item
479 4523 595 4582 fuerunt
616 4524 682 4599 equi
704 4523 759 4581 mei
784 4523 900 4580 deducti
923 4543 974 4598 per
995 4532 1101 4580 terrem
1124 4530 1152 4579 et
1171 4521 1236 4579 dedi
1254 4521 1366 4580 ductori
1384 4539 1484 4579 eorum

305 4655 338 4666 -
362 4625 432 4702 ‚iiijc
447 4629 538 4703 gross.
560 4626 753 4684 Turonenses.

337 4770 397 4827 ¹H.
415 4781 433 4826 t.
453 4770 519 4840 [op]
538 4775 643 4828 Summa
661 4775 736 4824 huius
755 4774 846 4840 pagine
866 4797 896 4805 -
917 4772 998 4820 xxix.
1017 4772 1063 4821 sol.
1082 4780 1108 4821 et
1131 4787 1163 4819 .v.
1191 4773 1248 4822 don.
1274 4787 1355 4835 gross.
1383 4770 1484 4820 Turon-

914 4840 1012 4891 ensium
1030 4855 1088 4890 cum
1106 4838 1131 4902 .j.
1150 4840 1281 4903 sterlingo.
