3584 5625
967 496 1025 553 106

301 690 390 731 romae
486 680 560 738 Item
582 680 712 757 Recepte
734 682 770 739 de
791 681 875 740 dietis
895 680 1034 739 fructibus
1053 681 1081 739 in
1099 679 1176 739 dicto
1188 678 1459 756 RegnoNorwegie
1471 677 1586 755 .xxiiijc

401 799 498 840 marce
521 799 587 839 cum
609 781 726 841 dimidia
741 782 857 859 *argenti
878 783 1014 859 ponderis
1034 782 1183 855 Noricani,
1204 790 1378 840 commutate
1398 780 1514 839 fuerunt
1530 800 1585 857 pro

404 907 439 920 -
464 882 534 958 .iiij⁰.r
547 882 612 941 libr.
635 891 664 941 et
685 882 772 959 aviij.
793 884 844 943 sol:
867 902 957 960 gross.
980 884 1201 943 Turonensium.

485 983 560 1042 Item
581 986 710 1059 Recepta
732 985 767 1042 de
789 985 895 1044 eisdem
918 984 1056 1043 [ructibus
1077 985 1105 1042 in
1133 985 1235 1061 Regno
1266 984 1423 1061 Norwegie
1452 983 1586 1060 predicta

402 1084 469 1161 .xiij.
488 1084 552 1143 libr.
575 1085 654 1157 xviij.
676 1084 728 1143 sol.
752 1094 780 1145 et
802 1086 857 1162 aij.
880 1087 945 1144 den.
967 1087 1178 1163 sterlingorum,
1200 1095 1374 1145 commutate
1394 1086 1509 1145 luerunt
1531 1106 1587 1162 pro

404 1212 440 1223 -
463 1185 533 1262 ‚iiijer
545 1185 609 1245 libr.
631 1185 681 1265 xij.
702 1188 754 1245 sol.
778 1196 807 1247 et
828 1207 864 1245 .x.
887 1188 950 1246 den.
972 1205 1062 1264 gross.
1085 1188 1297 1246 Turonensium
1319 1206 1384 1246 cum
1397 1187 1589 1265 .j.sterlingo.

402 1289 598 1365 computando
618 1288 667 1364 iij.
688 1288 755 1348 libr.
779 1289 980 1366 sterlingorum
1000 1309 1054 1366 pro
1075 1288 1101 1365 .j.
1123 1289 1187 1348 libr.
1208 1308 1381 1365 grossorum.

512 1492 652 1554 'Summe
672 1492 859 1570 pecuniarum
881 1501 910 1550 ct
931 1491 1042 1569 argenti
1071 1492 1106 1549 de

528 1594 612 1653 dictis
633 1594 774 1654 fructibus
795 1602 978 1670 receptorum
988 1595 1017 1651 in
1028 1594 1106 1669 Reg-

527 1715 564 1754 no
596 1696 753 1773 Norwegie
784 1696 822 1753 cd
854 1714 970 1771 grossos
1003 1697 1105 1754 reduc·

424 1826 499 1909 [ap]
527 1804 621 1855 torum

528 1966 647 2027 Summa
676 1996 703 2003 -
737 1966 799 2025 auri
828 1968 864 2026 de
892 1967 998 2026 eisdem
1027 1966 1102 2025 buc·
1131 1964 1243 2041 ‚xxiiijr
1256 1967 1355 2026 floreni
1376 1968 1461 2045 parui

527 2068 605 2127 tibus
626 2069 736 2146 recepti
757 2070 786 2128 in
808 2069 885 2128 dicto
906 2069 1009 2145 Regno
1026 2069 1103 2128 Nor·
1133 2066 1158 2142 .j.
1180 2068 1298 2144 Regalis
1511 2071 1587 2138 auri.

526 2170 619 2246 wegie
1132 2169 1168 2245 ij.
1191 2170 1271 2246 Agni

1132 1542 1242 1618 .xxxvj.
1274 1542 1339 1602 libr.
1369 1541 1427 1616 viij.
1460 1544 1513 1602 sol.
1547 1545 1589 1603 im

1132 1645 1198 1703 den.
1220 1664 1385 1722 grossorum
1412 1653 1441 1704 ct
1457 1645 1496 1722 .ij.
1519 1647 1588 1705 den.

1132 1764 1198 1804 cum
1219 1746 1340 1806 dimidio
1360 1746 1508 1824 sterlingo.
1590 1795 1594 1802 .

302 2390 386 2431 mus.
531 2360 652 2438 Summa
677 2393 852 2433 summarum
884 2372 1073 2451 pecuniarum
1105 2381 1134 2431 et

531 2477 643 2555 argenti
676 2478 712 2535 de
749 2476 831 2535 dictis
869 2475 1009 2535 fructibus
1045 2468 1132 2534 beness
1160 2477 1248 2556 ciiijr
1260 2478 1324 2538 libr.
1345 2500 1374 2539 x.
1395 2482 1448 2540 sol.
1464 2481 1503 2558 iij.
1520 2483 1585 2542 den.
1629 2453 1633 2463 ι

528 2580 659 2641 ficicrum
681 2579 852 2638 uacancium
872 2578 903 2636 in
922 2578 1031 2653 Regnis
1060 2578 1132 2638 Sue·
1160 2600 1225 2640 cum
1259 2583 1376 2643 dimidio
1397 2602 1488 2661 grass.
1509 2585 1585 2645 Tur·

530 2682 574 2741 cic
607 2691 637 2740 ct
665 2681 823 2757 Norwegic
860 2680 996 2757 predictis
1032 2700 1132 2757 recep·
1159 2683 1316 2743 anensium.

403 2783 469 2866 [apl
529 2793 634 2857 torum,
653 2783 691 2842 ad
711 2801 828 2867 gressus
849 2783 1043 2842 reductorum.

419 2974 461 3086 β
530 2985 715 3048 -Summa
741 3005 917 3047 summarum
948 2979 1042 3045 tocius
1067 2986 1253 3127 auripclxxj.
1275 2991 1375 3050 floreni

529 3090 565 3147 de
586 3088 693 3147 eisdem
714 3088 855 3148 fructibus
875 3089 984 3165 recepti
1006 3089 1035 3146 in
1048 3089 1139 3148 dictis.
1157 3091 1183 3166 .j.
1205 3093 1324 3169 Regalis
1465 2990 1550 3253 }aur1

528 3191 637 3267 Regnis
659 3191 762 3252 Suecie
785 3200 813 3248 et
833 3189 999 3265 Ncrwcgie.
1157 3192 1193 3269 ij.
1214 3195 1293 3270 Agni

303 3424 388 3464 rotun
487 3413 561 3472 Item
586 3414 717 3487 Recepta
739 3412 775 3470 de
797 3411 895 3470 oblato
917 3411 975 3469 dfio
997 3422 1095 3473 nostro
1117 3434 1193 3491 pape
1212 3413 1340 3473 subsidio
1358 3413 1387 3473 in
1398 3414 1501 3491 Regno
1514 3416 1586 3479 Sue·

405 3516 449 3576 cie
472 3536 510 3574 .x.
533 3535 621 3574 marc.
645 3516 755 3591 argenti
777 3513 914 3592 ponderis
936 3513 1172 3589 Stokholmensis‚
1193 3524 1367 3576 commutate
1388 3516 1505 3577 luerunt
1535 3540 1588 3597 pro

405 3649 445 3660 ·-
468 3617 504 3693 .ij.
524 3618 588 3677 libr.
612 3625 641 3675 et
664 3636 699 3675 .x.
721 3617 785 3675 den.
809 3634 899 3692 grass.
922 3617 1143 3677 Turonensium.
1167 3620 1360 3696 computando
1376 3637 1464 3679 marc.
1476 3621 1589 3698 argenti

405 3740 458 3797 pro
480 3719 550 3795 ‚iiijr
564 3719 615 3777 sol.
638 3728 666 3777 et
689 3719 714 3794 .j.
736 3720 801 3777 den.
824 3736 915 3795 gross.
936 3718 1157 3779 Turonensium.

489 3822 565 3881 Item
586 3821 716 3898 Recepte
739 3821 774 3880 de
796 3821 896 3879 eodem
920 3821 1018 3880 oblato
1040 3822 1167 3882 subsidio
1189 3823 1219 3881 in
1247 3822 1324 3884 dicto
1350 3825 1453 3900 Regno
1485 3824 1591 3885 Suecie

344 4019 348 4025 ’
405 4036 516 4086 mutate
535 4025 650 4083 fuerunt
671 4044 724 4101 pro
749 4053 782 4062 -
808 4025 876 4083 nix.
899 4025 963 4085 libr.
988 4036 1016 4084 et
1038 4027 1064 4102 .j.
1087 4028 1139 4087 sol.
1161 4047 1252 4106 gross.
1275 4027 1490 4087 Turonensium
1524 4049 1592 4089 cum

352 4171 356 4181 .
406 4129 432 4205 .j.
453 4129 602 4203 sterlingo.
626 4129 821 4204 computando
843 4127 907 4187 libr.
928 4147 1093 4205 grossorum
1115 4150 1168 4207 pro
1192 4129 1280 4206 axiij.
1301 4148 1389 4189 marc.
1422 4129 1500 4190 dicte
1528 4151 1592 4192 mo·

405 4238 471 4289 nete
491 4229 624 4292 Sueuice.
920 4231 922 4234 ’

491 4332 644 4391 Restantes
666 4350 736 4390 uero
759 4331 817 4408 .lxj.
839 4351 927 4390 marc.
950 4339 979 4390 et
1010 4333 1056 4408 ,vj.
1088 4352 1129 4392 or.
1162 4332 1240 4393 dicta
1270 4353 1382 4394 summa
1414 4344 1593 4396 commutate

406 4435 521 4494 luerunt
542 4454 595 4510 pro
622 4462 654 4470 —
682 4434 719 4510 .ij.
740 4435 802 4494 libr.
824 4433 893 4509 xiiij.
916 4434 967 4492 sol.
990 4444 1018 4492 et
1040 4456 1076 4494 .x.
1098 4437 1162 4494 den.
1184 4454 1275 4511 gross.
1298 4436 1594 4498 Turonensiumcum

409 4536 447 4611 ij.
470 4533 621 4610 sterlingis.
646 4537 841 4612 computando
863 4536 926 4595 libr.
948 4554 1113 4612 grossorum
1135 4555 1188 4615 pro
1211 4537 1291 4612 .xxij.
1314 4547 1344 4596 et
1363 4536 1482 4596 dimidia
1513 4540 1595 4600 dicte

410 4646 524 4696 monete
546 4636 680 4698 Sueuice.

493 4738 566 4796 Item
589 4747 705 4814 recepte
727 4738 763 4795 de
785 4737 861 4796 dicto
884 4737 983 4796 oblato
1006 4739 1134 4798 subsidio
1155 4739 1185 4797 in
1217 4739 1319 4797 eodem
1350 4741 1453 4815 Regno
1487 4739 1595 4802 Suecie

415 4867 446 4878 -
472 4838 550 4915 .xxij.
570 4838 623 4898 eol.
642 4856 732 4913 gross.
755 4837 977 4898 Turonensium.
1082 4867 1084 4871 ·
