3584 5625
850 439 889 498 88

282 646 335 685 nos
357 635 386 684 et
405 627 530 686 ecelesia
550 627 684 688 Romana
713 644 766 701 pro
798 624 889 701 ipsius
924 628 1087 689 delensimre
1119 628 1250 700 ecclesis,
1281 628 1471 704 tuicioneque

282 728 349 786 fldei
369 726 514 786 katholico
535 747 593 803 que
618 746 671 802 per
702 725 825 783 rebelles
856 735 885 784 et
917 730 1059 789 hereticos
1092 730 1241 808 presertim
1271 729 1302 788 in
1334 730 1470 805 pertibus

180 896 185 908 ι
283 829 381 887 Ytalie
404 837 472 887 tnnc
491 828 736 903 impugnabantur
754 836 783 886 et
804 828 899 888 adhuc
921 829 1129 906 impugnantur
1155 831 1317 908 periculose
1347 830 1470 889 nimium

282 929 479 1003 monebamur
499 938 530 986 et
548 947 707 1004 grabemur
721 926 864 994 ⁴continue
889 948 978 1005 super
1009 931 1094 1006 vires,
1126 943 1237 991 certum
1266 932 1469 1007 pecuniarium

283 1029 441 1089 subsidium
464 1049 518 1106 pro
539 1030 652 1089 rtiliore
674 1029 858 1088 releuaeione
879 1048 999 1090 onerum
1019 1033 1183 1092 huiusmodi
1204 1032 1288 1092 nobis
1316 1040 1346 1089 et
1374 1032 1471 1092 eidem

284 1130 405 1192 ecclesie
427 1131 563 1189 duxerint
583 1131 740 1190 liberaliter
760 1130 836 1190 sicut
857 1132 1024 1207 accepimns
1045 1133 1234 1202 offerendum,
1244 1132 1308 1191 Nos
1321 1133 1472 1194 intellecto

285 1232 363 1307 quod
385 1241 466 1292 certe
486 1252 555 1308 pers
581 1232 708 1291 eiusdem
740 1228 858 1304 subsidii
891 1231 1017 1293 Prolatis
1048 1234 1186 1312 predictis
1217 1234 1255 1292 ab
1287 1233 1472 1307 inierioribus

285 1331 380 1394 extitit
401 1321 558 1408 persoluta,
580 1343 609 1391 et
628 1352 734 1408 magne
755 1351 823 1407 pars
841 1331 900 1391 elie
928 1344 987 1393 tem
1021 1355 1074 1411 per
1104 1333 1239 1393 Prelatos
1269 1335 1349 1409 ipsos
1381 1354 1473 1411 quam

285 1431 358 1492 elias
378 1434 524 1509 personss'
539 1433 750 1494 ecclesiastices
770 1442 879 1491 restare
900 1435 1030 1494 noscitur
1058 1435 1261 1513 persoluenda,
1282 1435 1473 1494 Discreoions

278 1542 335 1605 tue
355 1553 408 1610 per
429 1535 590 1611 apostolica
614 1534 723 1610 scripte
756 1534 960 1593 committimus
993 1546 1022 1593 et
1055 1539 1226 1596 mandamus
1255 1544 1400 1611 quatenns
1433 1538 1473 1594 ad

285 1643 383 1709 partes
403 1636 546 1695 dictorum
568 1636 735 1711 Regnorum
758 1643 786 1692 te
808 1634 958 1695 conterens
979 1638 1018 1695 ab
1038 1638 1147 1697 eisdem
1168 1638 1291 1696 Prelntis
1320 1647 1381 1696 tam
1411 1637 1473 1695 eol·

284 1735 390 1794 lectam
411 1756 499 1813 quam
519 1737 646 1796 debitam
667 1746 699 1793 vt
719 1734 861 1811 preiertur
881 1734 919 1794 de
929 1736 1059 1796 subsidio
1072 1740 1202 1815 predicto
1214 1739 1368 1813 pecuniam
1382 1758 1474 1813 qnam

287 1836 350 1912 elijs
371 1839 501 1914 personis
523 1837 724 1897 ecelesiasticis
745 1836 925 1913 supredietis.
939 1847 1040 1913 petere
1069 1858 1105 1897 ec
1137 1839 1269 1914 recipere
1299 1857 1359 1904 nou
1392 1849 1473 1914 post·

239 1976 243 1983 ·
288 1958 388 2014 ponas,
405 1937 446 1998 Et
466 1941 534 1999 licet
556 1938 744 2015 probabiliter
765 1937 931 1997 estimemus
952 1941 1030 2016 quod
1058 1940 1155 1999 nullus
1176 1951 1344 2016 superbam
1365 1940 1474 1998 cerita-

287 2040 348 2098 tiuo
370 2040 498 2099 subsidio
519 2041 561 2100 sic
583 2040 681 2098 oblato
702 2037 859 2096 liberaliter
880 2040 1073 2116 persoluendo
1094 2039 1295 2102 difficultatem
1322 2042 1475 2117 prestabit,

287 2139 335 2197 Ex
357 2142 535 2200 habundanti
557 2141 699 2200 tamensi
725 2140 782 2197 hoc
814 2140 994 2217 contingeret
1025 2161 1214 2219 quoscunque
1246 2143 1295 2217 qui
1329 2144 1367 2199 ad
1399 2142 1474 2201 illud

288 2250 431 2313 tenentur,
452 2242 687 2314 contradictores,
708 2241 907 2317 cuiuscunque
928 2251 1033 2325 status,
1049 2245 1159 2319 gradus
1181 2242 1289 2301 ordinis
1321 2243 1370 2300 uel
1403 2262 1474 2300 con·

289 2342 410 2402 dicionis
431 2345 565 2414 existant,
587 2343 674 2406 etiem
693 2342 717 2401 si
739 2341 897 2418 pontificali
918 2343 965 2400 uel
987 2345 1094 2419 queuis
1114 2344 1171 2401 alia
1197 2343 1378 2420 promineant
1409 2344 1475 2419 dig·

288 2443 387 2515 nitate,
406 2446 580 2505 auctoritate
606 2453 706 2504 nostre
738 2443 939 2521 appellacione
971 2455 1038 2520 post
1068 2446 1163 2521 posite
1193 2463 1371 2521 compesces,
1404 2445 1474 2506 Non

287 2548 420 2606 obstante
440 2548 465 2607 si
487 2550 528 2607 eis
549 2546 598 2605 uel
619 2564 718 2605 eorum
732 2545 884 2635 'aliquibus
907 2547 1097 2604 communiter
1125 2546 1173 2603 uel
1206 2546 1321 2605 diuisim
1353 2565 1372 2603 a
1404 2548 1475 2604 sede

287 2649 476 2725 apostolicam
498 2650 535 2709 sit
554 2647 698 2708 indultum
720 2647 798 2723 quod
820 2646 961 2719 interdici,
983 2648 1121 2724 suspendi
1148 2647 1197 2705 uel
1226 2647 1475 2707 excommunicari

288 2770 345 2809 non
366 2751 477 2828 possint
498 2772 550 2830 per
570 2750 681 2809 litteras
702 2748 878 2825 apostolicas
900 2767 956 2806 non
978 2748 1115 2814 iacientes
1141 2750 1257 2827 plenem
1291 2760 1319 2806 et
1353 2768 1473 2825 expres·

287 2871 348 2910 eam
368 2872 403 2911 ac
426 2854 462 2912 de
483 2854 574 2912 uerbo
596 2853 634 2910 ad
656 2852 778 2910 uerbum
800 2849 835 2908 de
859 2850 972 2908 indulto
1001 2851 1165 2911 huiusmodi
1197 2852 1385 2919 mencionem,
1410 2851 1475 2914 Vo-

287 2953 385 3014 lumus
406 2965 502 3014 autem
524 2955 603 3032 quod
625 2972 676 3011 eos
696 2951 745 3028 qui
766 2952 820 3010 tibi
839 2951 994 3028 pecuniam
1015 2953 1086 3011 diesi
1106 2951 1226 3026 subsidij
1247 2953 1384 3010 duxerint
1407 2972 1472 3026 per-

288 3054 455 3114 soluendam
476 3055 633 3117 ueletiam
661 3054 864 3130 emigraneam
889 3052 1044 3110 absoluere
1075 3054 1175 3112 soleas
1208 3063 1241 3110 et·
1271 3054 1406 3129 quietare,
1425 3053 1475 3110 De

288 3155 342 3232 hijs
363 3177 419 3234 que
441 3159 507 3216 inde
529 3158 567 3216 ab
588 3156 658 3233 ipsis
678 3155 807 3231 recipere
829 3164 858 3211 te
880 3154 1036 3229 continget,
1052 3174 1105 3214 nos
1124 3135 1272 3212 reddendo
1295 3173 1347 3229 per
1360 3152 1476 3227 jnstrn·

289 3268 385 3316 menta
402 3259 519 3336 publica
540 3277 597 3335 que
618 3258 685 3315 inde
705 3257 766 3314 fieri
788 3256 924 3314 uolumus
950 3256 1159 3314 nicholominus
1187 3257 1339 3325 cerciores,
1361 3255 1474 3312 Datum

289 3359 436 3418 Aninione
458 3359 516 3434 iiij.
539 3359 677 3418 kalendas
698 3356 849 3432 Februarij
871 3357 1062 3415 Pontificatus
1083 3357 1172 3416 nostri
1193 3377 1269 3415 anno
1294 3354 1362 3430 nrvj.

347 3500 350 3510 ,
373 3459 505 3536 Quarum
524 3461 696 3520 auctoritate
714 3459 743 3517 in
766 3460 843 3517 dicto
864 3459 1025 3533 procedens
1045 3460 1167 3535 negocio
1195 3458 1293 3534 recepi
1323 3464 1478 3539 argentum

291 3571 319 3620 et
340 3563 478 3638 pecunias
497 3561 702 3638 infrascriptae

466 4206 518 4279 ue
544 4202 693 4277 susum
719 4201 842 4274 romi
867 4224 965 4297 prpe.
980 4203 1014 4271 tn
1039 4145 1162 4276 suere
1186 4197 1304 4276 soum

376 4380 466 4439 Anno
489 4379 539 4437 dni
561 4385 614 4436 mt
630 4386 696 4438 ccct
716 4377 818 4454 xxxiii.
839 4376 885 4435 die
907 4395 985 4434 mxv.
1007 4373 1261 4452 Aprilis-Recepi
1281 4391 1299 4430 a
1322 4371 1479 4438 dim-Boe·

294 4483 340 4540 cio
362 4481 509 4558 Episcopo
530 4479 709 4539 Vexionensi
731 4498 782 4555 per
802 4496 905 4537 manus
926 4478 1054 4536 dirorum
1065 4475 1210 4556 jngemari
1238 4472 1387 4549 Prepesiti
1405 4472 1478 4537 Sem

294 4582 364 4647 talei
383 4592 412 4639 et
429 4579 565 4643 Thauriri
587 4580 757 4640 clericorum
779 4597 897 4637 suorum
917 4579 955 4637 dc
974 4579 1073 4635 oblato
1095 4577 1205 4652 pridem
1227 4576 1285 4635 diro
1309 4592 1387 4650 pepe
1407 4575 1491 4642 tbi».

294 4684 367 4743 sidio
387 4710 429 4722 ·-
450 4703 488 4741 .x.
510 4700 598 4740 marc.
621 4700 683 4756 erg.
707 4680 842 4756 ponderis
865 4679 1102 4741 Stckholmensis.

625 4782 749 4858 Recepit
762 4780 988 4855 instrumentum
1008 4779 1168 4847 Jacobus..
1272 4796 1275 4801 ·
1327 4820 1329 4827 .
1433 4794 1436 4801 ¹
