3584 5625
867 482 926 547 117

301 682 388 726 autem
405 668 504 740 decima
520 673 577 737 ipsa
593 670 621 721 in
636 670 755 723 Norwcie
774 669 871 722 Sweeie
889 677 915 720 et
933 668 1014 721 Gocie
1031 671 1116 733 reguis
1134 684 1179 734 per
1195 669 1307 734 prelatos
1325 666 1490 724 ecclesiarum

301 759 328 809 iu
345 760 430 822 regnis
448 757 616 809 consistentes
634 756 729 806 eisdem
746 755 788 804 111
807 755 970 806 ecclesiarum
983 755 1095 820 ipserum
1107 755 1219 820 capitula
1231 769 1277 806 seu
1285 755 1436 806 collectores
1446 763 1491 805 sut

302 844 500 893 subcollectores
517 842 611 892 ibidem
628 839 782 891 auctoritate
800 841 935 905 deputatos
952 839 1068 905 predicta
1083 854 1130 904 pro
1158 854 1253 904 magua
1280 848 1352 906 parte
1382 840 1491 890 collecta

301 926 380 979 luisse
398 928 505 987 dicatur,
523 942 572 978 nos
589 925 707 976 uolentes
725 926 795 989 quod
812 925 926 975 eiusdem
942 924 1051 989 pecunia
1078 924 1175 975 decime
1203 926 1230 975 iu
1257 925 1378 989 predictis
1406 926 1491 989 regnis

301 1014 413 1074 collecta
429 1021 455 1063 et
472 1012 549 1062 etiam
567 1010 713 1074 colligenda
729 1010 804 1060 iuxta
833 1009 1042 1074 disposicionem·
1057 1010 1124 1059 sedis
1153 1008 1294 1074 apostolice
1322 1010 1492 1075 dispensanda

301 1097 409 1148 fideliter
426 1103 591 1147 conversetur
608 1109 638 1145 ac
656 1096 687 1146 de
705 1089 790 1146 111111
806 1093 1040 1159 circumspectionis
1057 1094 1182 1145 industria
1202 1094 1306 1157 plenam
1333 1096 1360 1145 in
1386 1095 1490 1150 domiuo

301 1182 423 1234 fiduciam
438 1182 589 1241 obtinentes,
610 1178 757 1231 discretioni
783 1187 868 1229 cestre
893 1194 939 1244 per
964 1178 1110 1245 apostolica
1135 1180 1231 1245 scripta
1257 1179 1438 1233 committimus
1464 1185 1491 1230 et

301 1267 454 1320 mandamus
471 1265 590 1331 quatinus
607 1264 639 1316 ab
657 1264 774 1316 omuibus
791 1265 896 1332 prelatis
914 1272 940 1316 et
965 1263 1130 1316 ecclesiarum
1155 1262 1339 1315 cathedralium
1362 1265 1490 1319 dictorum

300 1364 438 1415 regnorum
455 1350 574 1416 capitulis
592 1348 701 1413 ullisque
716 1350 832 1417 predicto
850 1348 947 1402 decime
965 1348 1145 1401 collectoribus
1163 1355 1191 1400 et
1207 1348 1434 1400 subcollectoribcs
1447 1349 1490 1400 de·

300 1437 397 1501 putatis
414 1436 441 1486 in
457 1435 542 1499 regnis
560 1434 798 1500 predictisuecuon
813 1440 842 1492 st
857 1434 939 1501 ipsius
957 1434 1055 1485 decime
1072 1432 1174 1485 residua
1191 1432 1264 1498 sique
1280 1431 1368 1485 forsan
1395 1434 1490 1504 ibidem
1561 1446 1565 1455 ’

301 1521 446 1585 colligendo
462 1528 587 1573 restarent
603 1535 649 1587 per
665 1534 713 1571 nos
730 1520 774 1571 uel
798 1519 877 1574 alium
906 1520 960 1570 sice
986 1519 1052 1569 alios
1076 1525 1164 1583 petere
1188 1519 1292 1582 exigere
1318 1518 1440 1583 colligere
1464 1524 1491 1570 et

300 1605 414 1670 recipere
429 1605 686 1660 111111111111111
703 1604 819 1656 Romarm
836 1604 939 1656 nomine
956 1619 1015 1655 cum
1031 1603 1178 1669 integritate
1195 1602 1289 1655 curetis
1305 1601 1419 1668 prelatos
1448 1616 1490 1662 ca·

300 1690 390 1755 pitula,
408 1684 559 1741 collectores
578 1696 605 1739 et
619 1685 819 1742 subcollectores
835 1688 981 1744 huiusmodi
999 1695 1026 1739 et
1050 1688 1153 1753 quoeuis
1180 1688 1243 1741 ulios
1269 1688 1303 1740 ad
1328 1703 1393 1753 quos
1422 1687 1491 1738 dicta

301 1776 409 1841 pecunia
426 1774 620 1840 quomodolibet
636 1774 803 1840 peruenisset,
819 1775 852 1825 ad
869 1774 942 1825 illam
958 1772 1031 1824 uobis
1049 1773 1229 1838 assignandam
1254 1787 1353 1824 necnon
1377 1773 1489 1837 prelatos

300 1860 369 1927 ipsos
388 1868 414 1911 et
430 1873 601 1925 quascumque
618 1873 741 1924 persensa
759 1859 952 1921 ecclesiasticas,
970 1859 1005 1913 ad
1030 1858 1099 1909 dicta
1127 1858 1231 1909 residue
1258 1857 1416 1922 integraliter
1432 1872 1490 1922 per·

301 1945 427 1995 soluenda
444 1952 522 2009 prout
537 1943 606 2008 ipsos
624 1944 657 1994 ad
674 1944 722 1995 hoc
740 1944 820 1995 teneri
838 1944 960 1996 ueneritis
976 1944 1128 1994 anctoritate
1137 1950 1225 1993 111111
1234 1943 1406 2009 appellatione
1414 1950 1489 2007 post·

301 2030 387 2093 posite
404 2029 588 2095 compellendo.
623 2027 681 2078 Non
699 2030 817 2079 obstante
834 2030 855 2079 si
874 2029 911 2081 eis
927 2029 970 2079 uol
988 2043 1077 2079 eorum
1094 2028 1219 2092 aliquibus
1248 2027 1418 2077 communiter
1447 2028 1490 2108 111

301 2114 402 2165 diuisim
419 2115 453 2166 ab
471 2116 560 2175 eedem
578 2114 612 2164 eit
629 2115 688 2164 sade
706 2114 831 2165 indultum
849 2115 917 2178 quod
933 2114 1050 2165 interdici
1067 2112 1195 2177 suspendi,
1213 2112 1256 2163 uel
1273 2112 1489 2163 excommunicari

301 2213 353 2250 nou
370 2200 471 2265 possint
487 2215 533 2265 per
548 2199 647 2272 litteras
665 2199 820 2263 apostolicas
839 2212 890 2249 uon
908 2197 1031 2249 iacientes
1048 2198 1150 2261 plenam
1174 2205 1200 2248 11
1225 2211 1374 2263 expressam
1401 2211 1431 2247 ac
1458 2198 1489 2247 de

301 2284 379 2349 uerbo
398 2284 432 2334 ad
449 2285 554 2336 uerburn
573 2286 604 2334 de
620 2283 720 2334 indulto
738 2283 883 2334 huiusmodi
901 2283 1064 2333 mentionem.
1099 2281 1154 2333 Nos
1172 2283 1240 2333 cuim
1253 2282 1363 2334 uobiset
1376 2289 1489 2332 uestrum
1565 2343 1568 2350 Ι

299 2366 404 2419 cuilibet
421 2369 558 2420 insolidum
575 2370 700 2434 premissa
716 2368 802 2419 omnia
819 2353 930 2418 faciendi
947 2377 973 2418 et
994 2368 1108 2432 plenaria
1135 2368 1278 2431 exequendi
1302 2381 1350 2418 nec
1375 2382 1428 2418 111
1456 2367 1490 2417 ab

300 2454 395 2504 eisdem
411 2454 517 2518 prelatis
535 2453 653 2519 capitulis
671 2453 852 2506 collectoribus
870 2464 897 2503 et
913 2452 1143 2514 subcollectoribus
1161 2452 1273 2521 rationes
1291 2468 1368 2517 super
1396 2451 1489 2502 collec-

300 2539 368 2589 tione
387 2539 485 2589 decime
502 2539 646 2603 supradicte
664 2538 791 2599 audiendi,
808 2552 905 2602 eosque
933 2535 1060 2602 quitandi'
1073 2544 1099 2587 et
1127 2536 1276 2588 absoluendi
1305 2538 1337 2587 de
1363 2536 1413 2600 hijs
1440 2551 1488 2601 que

299 2622 445 2689 receperitis
463 2622 496 2672 ab
513 2622 608 2673 eisdem
625 2621 662 2672 ite
679 2629 765 2673 111111
783 2624 851 2687 quod
873 2637 950 2687 super
978 2622 1086 2686 singulis
1112 2621 1328 2685 assignationibus
1357 2623 1409 2673 duo
1434 2622 1488 2672 fieri
1571 2634 1573 2637 ·

298 2708 400 2760 iacietis
418 2707 561 2757 consimilia
576 2707 679 2771 publica
695 2707 871 2769 instrumenta,
889 2722 998 2772 quorum
1024 2708 1106 2758 altero
1132 2721 1209 2771 penes
1233 2706 1303 2771 ipsos
1329 2708 1488 2771 assignantes

300 2794 404 2846 dimisso
421 2787 547 2858 reliquum
564 2793 597 2843 sd
614 2799 729 2844 nostram
747 2807 874 2845 cameram
892 2791 1078 2854 transmittatis·
1091 2791 1194 2858 plenam
1211 2799 1238 2844 et
1254 2792 1361 2844 liberam
1378 2792 1489 2845 anctori-

299 2887 353 2931 tate
369 2879 524 2945 presentium
536 2879 697 2930 concedimus
705 2876 863 2929 facultatem.
899 2876 1028 2935 Volumus
1037 2883 1124 2928 autem
1135 2879 1204 2942 quod
1216 2879 1370 2944 depredicta
1380 2879 1489 2945 pecunie

299 2964 400 3017 11111111
419 2972 445 3015 11
461 2964 582 3016 ordinetis
600 2971 676 3028 prout
692 2963 720 3014 iu
736 2961 795 3026 alijs
812 2963 908 3014 nostris
930 2963 1004 3014 uobis
1022 2962 1124 3013 directis
1141 2977 1218 3028 super
1235 2963 1286 3014 boc
1310 2960 1401 3015 11111111
1428 2979 1488 3015 cou-

299 3050 402 3101 tiuetur.
436 3049 535 3099 Datum
552 3046 681 3099 Aninione
699 3049 756 3101 idus
779 3048 893 3113 Augusti
910 3048 1073 3114 pontificatus
1090 3048 1171 3098 noemi
1189 3061 1257 3098 auno
1275 3048 1382 3100 decimo.

506 3131 574 3176 (Arcb.
590 3133 633 3172 Vst.
649 3133 694 3180 neg.
708 3133 815 3175 1111111.
829 3132 890 3173 xxti.
906 3132 926 3173 Τ.
940 3133 964 3175 V.
979 3142 1010 3172 sn.
1024 3133 1047 3170 11.
1063 3131 1096 3170 111.
1114 3130 1159 3173 1171.
1175 3129 1285 3181 1121111).

668 3356 717 3416 50.
763 3358 851 3416 11126.
900 3356 975 3417 1311
996 3357 1123 3434 August.

367 3471 498 3525 iohannes
517 3473 652 3537 episcopus
673 3488 693 3522 1.
711 3487 731 3523 1.
750 3474 774 3522 1.
793 3474 893 3524 11111111
911 3473 971 3536 filijs
989 3471 1103 3523 Johauni
1120 3472 1152 3521 11
1170 3471 1264 3524 Serene
1282 3471 1359 3536 priori
1378 3487 1488 3523 conuen-

299 3564 341 3606 tus
359 3555 466 3607 lratrum
484 3558 578 3615 ordinis
597 3557 783 3621 predicatorum
802 3559 833 3608 dc
849 3557 958 3621 Figiaco
977 3556 1141 3608 caturcensis
1160 3566 1186 3607 et
1201 3557 1334 3607 Beruardo
1347 3541 1383 3607 de
1391 3542 1487 3621 Ortolis

299 3643 396 3717 rectori
409 3643 515 3692 ecclesie
533 3643 565 3693 de
581 3641 723 3692 Noualibus
738 3642 882 3693 Electensis
901 3642 1040 3710 diocesium
1058 3642 1199 3706 apostolice
1217 3643 1284 3693 sedis
1301 3643 1402 3707 nuncijs
1419 3645 1487 3694 salu·

299 3734 357 3776 tem·
369 3734 394 3776 et
412 3735 494 3792 apost.
507 3728 632 3777 benedict.
667 3727 708 3777 De
725 3735 808 3776 uestre
826 3727 1060 3792 circumspectionis
1078 3726 1202 3777 industria
1219 3728 1322 3792 plenem
1338 3729 1365 3777 in
1382 3729 1487 3780 domiuo

299 3812 418 3862 fiduciam
437 3813 589 3872 obtinentes,
607 3811 718 3876 petendi,
736 3812 880 3876 colligendi,
900 3813 1019 3876 exigendi
1037 3820 1063 3862 et
1084 3812 1222 3876 recipiendi
1239 3813 1371 3876 pecuniam
1391 3813 1487 3864 decime

299 3897 444 3947 sexenualis
463 3898 524 3947 olim
540 3898 659 3961 imposita
676 3911 721 3960 per
738 3895 820 3946 1111111
846 3897 1028 3948 recordationis
1056 3896 1214 3947 Clementem
1238 3912 1332 3963 papam
1349 3913 1380 3946 .v.
1398 3899 1487 3961 prede·

299 3996 426 4032 cessorem
443 3992 558 4032 nostrum
575 3982 602 4030 iu
619 3981 726 4031 consilio
744 3979 885 4032 Viennensi
903 3998 949 4047 pro
967 3981 1081 4038 subsidio
1099 3990 1165 4031 terre
1183 3992 1270 4040 sancte
1283 3983 1384 4035 stelias
1397 3993 1488 4035 contra

298 4066 406 4117 rebelles
425 4074 450 4116 et
466 4066 583 4117 inimicos
601 4066 726 4116 catholice
743 4066 802 4116 fidei
820 4069 1027 4129 conuertendam‚
1043 4082 1059 4116 a
1075 4067 1180 4132 prelatis
1199 4076 1224 4117 et
1237 4069 1355 4132 capitulis
1368 4070 1487 4120 ecclesia·

217 4206 223 4216 ,
298 4166 355 4200 rum
373 4151 556 4201 cathedralium
573 4149 705 4215 Norweye,
723 4150 818 4201 Swecie
844 4168 875 4202 11
902 4151 981 4204 Gocie
1007 4167 1151 4216 regnorum,
1169 4167 1267 4203 necnon
1285 4161 1311 4204 et
1327 4155 1360 4204 ab
1377 4154 1438 4218 ipsis
1456 4169 1487 4204 ac

299 4235 430 4298 quibusuis
448 4234 507 4297 alijs
524 4235 638 4299 personis
657 4236 835 4286 ecclesiasticis
854 4239 955 4288 residua
972 4237 1039 4287 dicte
1057 4238 1153 4288 decime
1165 4239 1187 4287 si
1199 4252 1249 4301 qua
1257 4245 1384 4288 restarent
1392 4238 1487 4289 ibidem

298 4318 407 4370 forsitan
425 4318 569 4382 colligenda
585 4335 631 4385 per
648 4321 712 4371 alies
729 4329 831 4373 nostras
850 4322 913 4374 certi
930 4322 1023 4372 tenoris
1041 4322 1140 4374 litteras
1157 4324 1231 4373 uobis
1249 4330 1275 4373 et
1292 4323 1486 4374 nestrumcuili·

298 4404 343 4455 bet
359 4403 496 4454 insolidum
514 4406 686 4456 concessimus
703 4405 860 4458 facultatem.
904 4407 972 4460 Sane
996 4408 1092 4458 dudum
1113 4423 1147 4458 cx
1172 4408 1345 4459 insinuatione
1363 4406 1487 4459 carissimi

298 4488 325 4538 iu
343 4487 446 4540 Christo
465 4488 509 4552 filij
530 4491 609 4539 nostri
625 4489 715 4554 Magni
732 4491 799 4555 regis
816 4491 942 4558 Norweye
960 4493 1074 4555 illustris,
1091 4508 1143 4544 uon
1165 4494 1261 4558 absque
1283 4509 1378 4558 magna
1394 4493 1486 4546 mentis

298 4574 476 4636 compassione
493 4574 651 4639 percepimus
669 4577 737 4638 quod
755 4576 870 4627 infideles
888 4579 982 4642 pagani
992 4577 1087 4629 carelli
1105 4579 1224 4629 uidelicet
1235 4586 1261 4629 et
1271 4577 1392 4639 liutheri,
1402 4578 1486 4643 regnis

298 4659 351 4709 suis
368 4656 493 4722 Norweye
511 4657 608 4709 Swecie
626 4675 657 4709 cc
675 4658 755 4710 Gocie
772 4663 909 4726 propinqui
925 4664 990 4714 adeo
1016 4679 1096 4728 regna
1121 4664 1177 4729 ipse
1202 4665 1335 4728 presertim
1360 4662 1486 4729 Norweye

297 4743 440 4808 predictum
457 4742 505 4791 sibi
522 4743 637 4807 uicinius,
656 4753 682 4795 st
699 4746 820 4811 degentes
839 4746 1006 4799 Christicolas
1023 4749 1050 4799 in
1068 4750 1160 4800 codem
1176 4765 1222 4814 per
1243 4750 1344 4815 rapinas
1370 4746 1487 4798 incendia

296 4834 397 4891 strages
416 4827 499 4878 uarias
517 4829 648 4893 captiones
666 4831 880 4883 incarcerationes
898 4834 1108 4900 depopulationes
1126 4842 1152 4886 ct
1169 4842 1221 4886 tam
1232 4835 1347 4886 11111111
1356 4848 1486 4885 sacrorum
