3584 5625
856 474 917 530 113
990 479 997 504 ¹

275 661 350 724 .nbi
371 660 459 719 uellet
481 660 559 738 quod
579 660 632 718 sibi
656 660 788 717 deberem
813 679 966 719 occurrere
988 670 1016 718 et
1036 660 1110 718 solui
1130 660 1207 719 dicto
1225 661 1341 720 Nuncio
1359 672 1418 720 tam
1429 680 1482 737 pro

297 762 431 839 expensis
453 781 540 839 quam
563 762 726 839 premaris
755 761 877 819 transitu
910 771 938 819 ct
971 781 1035 837 pro
1051 761 1151 820 labore
1172 781 1225 820 suo
1250 789 1285 799 -
1311 782 1367 820 .xv.
1390 782 1481 839 gross.

297 860 507 923 Turonenses¹.

381 965 456 1023 Item
478 964 544 1041 .xvj.
567 965 621 1022 die.
643 962 763 1039 Aprilis.
791 964 853 1022 misi
875 981 964 1021 vnum
984 963 1120 1022 nuncium
1142 964 1310 1042 Malmegbe
1322 975 1350 1023 et
1361 965 1483 1027 Scanor.
1497 976 1582 1016 aava.

296 1066 337 1124 ad
360 1065 505 1124 citandum
538 1064 658 1124 heredes
692 1065 740 1122 dr'ri
773 1063 860 1124 Olaui
894 1064 1040 1140 quondam
1073 1065 1205 1124 canonici
1237 1066 1400 1125 Lundensis
1433 1067 1482 1143 qni

296 1166 391 1225 iuerat
413 1166 550 1225 collector
573 1166 682 1224 decime
704 1165 870 1223 sexannalis
893 1185 945 1241 per
967 1165 1040 1224 duos
1062 1186 1152 1225 annos
1180 1168 1208 1224 in
1242 1168 1367 1244 quadam
1401 1177 1483 1243 parte

296 1269 420 1328 diocesis
442 1266 612 1326 Lundensis.
634 1266 708 1324 solui
731 1266 808 1324 dicto
830 1267 936 1324 nuncio
963 1295 996 1305 ·-
1022 1267 1092 1343 ‚iiij‘lf
1105 1288 1195 1344 gross.
1216 1269 1410 1328 Turoneuses.

382 1371 456 1428 Item
475 1369 539 1428 misi
560 1368 728 1444 Malmeghe
744 1387 831 1426 vnum
854 1367 941 1425 alium
961 1368 1095 1425 nuncium
1114 1390 1178 1426 cum
1192 1370 1291 1427 litteris
1304 1371 1372 1428 mais
1384 1380 1484 1428 contra

296 1472 430 1530 consules
453 1470 521 1529 dicti
543 1469 601 1528 loci
623 1470 672 1546 qui
695 1469 836 1527 decimam
857 1469 935 1526 illius
958 1469 1078 1528 ecclesie
1100 1472 1260 1529 retinebant
1284 1484 1312 1528 et
1334 1472 1398 1529 dedi
1429 1472 1482 1530 sibi

296 1601 338 1610 -
362 1573 397 1647 .ij.
419 1591 510 1649 gross.
535 1572 728 1629 Turonenses.

382 1674 455 1732 Item
478 1673 561 1730 .xix'!⁸
584 1673 629 1730 die
651 1672 770 1748 Aprilis.
793 1670 897 1728 recessi
926 1673 961 1727 dc
992 1672 1104 1730 Laudis
1134 1692 1234 1730 uersus
1265 1672 1483 1731 Roskildeusem

297 1775 442 1835 diocesem
461 1784 490 1832 et
512 1773 584 1833 solui
608 1793 660 1849 pro
683 1774 816 1849 expensis
840 1772 1023 1831 conductoris
1042 1803 1082 1811 --
1105 1794 1161 1831 .xv.
1184 1793 1275 1850 gross.
1290 1775 1484 1834 Turonenses.

381 1876 454 1934 Item
477 1875 551 1934 solui
573 1894 625 1951 pro
647 1876 715 1933 naui
738 1893 882 1949 cumque
904 1874 1023 1932 transiui
1047 1893 1125 1932 mare
1153 1876 1188 1931 da
1211 1875 1318 1934 Saenia
1348 1877 1376 1933 in
1410 1877 1484 1935 Sial-

297 1977 413 2035 endiem
435 1986 464 2035 et
486 1995 552 2035 cnm
574 1996 632 2053 qua
654 1977 729 2033 idem
752 1975 913 2033 conductor
935 1996 1014 2034 rneus
1043 1995 1175 2035 reuersus
1204 1977 1256 2035 tuit
1289 1979 1327 2035 ad
1349 1978 1483 2038 Scaniam

297 2106 339 2115 -
361 2076 439 2154 mxij.
462 2096 553 2155 gross.
576 2079 769 2136 Turonenses.

381 2181 454 2238 Item
477 2178 543 2237 dedi
563 2179 612 2237 vni
633 2178 753 2256 pauperi
777 2179 935 2253 presbitero
958 2179 1034 2235 eunti
1058 2180 1095 2235 ad
1118 2181 1227 2238 curiam
1255 2180 1416 2238 Romanam
1434 2200 1486 2257 per

298 2299 385 2356 quem
405 2280 566 2357 significaui
589 2280 647 2337 dr‘ro
669 2299 733 2337 meo
757 2280 814 2337 diro
836 2279 1003 2339 Camerario
1020 2280 1063 2337 'ad
1084 2280 1207 2338 Daciam
1236 2299 1281 2337 me
1309 2282 1422 2352 uenisse
1447 2309 1483 2320 -

297 2380 389 2457 .xiiij⁰.'
401 2400 492 2458 gross.
515 2381 708 2440 Turonenses.

383 2483 457 2540 Item
480 2481 526 2540 die
549 2483 620 2558 .xxj⁸.
641 2482 752 2558 Aprilis
776 2482 838 2540 misi
860 2483 896 2539 de
918 2481 1021 2539 Hainis
1043 2482 1080 2538 ad
1103 2482 1248 2539 ciuitatem
1266 2482 1486 2542 Roskildensom

300 2584 473 2660 requirendo
497 2584 664 2661 Capitulum
687 2594 715 2641 et
737 2584 861 2641 vicarios
891 2583 939 2639 dni
972 2583 1121 2658 Episcopi,
1155 2584 1218 2658 ipso
1249 2584 1307 2641 diro
1343 2586 1486 2661 Episcopo

301 2685 405 2743 ibidem
428 2705 486 2744 non
510 2686 660 2758 existente,
681 2696 712 2743 vt
734 2684 801 2741 mibi
825 2685 1010 2760 prouiderent
1041 2683 1076 2741 de
1108 2684 1210 2742 securo
1243 2687 1388 2744 conductu
1421 2705 1487 2746 cum

299 2805 357 2863 quo
379 2805 493 2869 possem
516 2787 615 2846 uenire
637 2786 675 2845 ad
694 2786 789 2846 locum
821 2787 870 2844 nbi
904 2795 966 2844 erat
998 2785 1052 2844 diis
1083 2786 1247 2862 Episcopus
1279 2788 1486 2850 Roskildensis.

303 2887 368 2946 dedi
390 2888 496 2947 nuncio
524 2919 554 2927 -
583 2889 639 2965 .vij.
661 2888 821 2964 sterlingos.

384 2991 459 3048 Item
482 2990 538 3065 .vj‘.n
553 2991 601 3047 die
622 2990 702 3065 Muij.
732 3008 867 3049 reuersus
892 2987 931 3045 tui
964 2988 1000 3045 de
1034 2987 1180 3047 Sialendia
1213 2989 1251 3046 ad
1283 2989 1417 3049 Scauiam
1451 2991 1488 3049 ad

301 3091 476 3149 audiendum
498 3091 629 3149 raciones
643 3091 839 3150 Collectorum
860 3089 970 3146 decime
991 3089 1156 3147 sexannalis
1178 3091 1299 3148 collecte
1320 3092 1348 3148 in
1371 3093 1488 3150 ciuitate

302 3201 330 3249 et
351 3190 459 3250 diocesi
480 3191 691 3250 Lnndeasibus.
716 3193 788 3251 solui
814 3211 865 3269 pro
888 3191 957 3250 naui
980 3211 1045 3248 cum
1068 3211 1127 3267 qua
1148 3192 1267 3249 transiui
1285 3211 1412 3249 mare-
1428 3191 1476 3268 .xij

302 3312 391 3370 grass·
414 3289 622 3352 Turonensest.
1474 3313 1476 3316 ¹

237 3383 240 3387 ⁷
385 3395 458 3452 Item
480 3393 546 3451 dedi
569 3394 721 3452 domicello
743 3395 792 3471 qui
816 3414 860 3451 me
882 3394 1021 3452 conduxit
1045 3421 1079 3432 ·-
1112 3413 1168 3450 .xv.
1191 3414 1281 3470 gross.
1303 3394 1488 3454 Turonenses
1502 3416 1588 3456 mis...

304 3505 400 3570 preter
420 3514 563 3570 expensus
584 3514 657 3571 quas
678 3496 731 3554 sibi
753 3496 806 3554 ieci
830 3508 858 3554 ct
878 3495 985 3553 famulo
1008 3515 1060 3553 suo
1083 3515 1134 3570 per
1156 3514 1191 3553 .v.
1214 3496 1282 3552 dies.

386 3597 460 3654 Item
483 3596 549 3671 .viij.
564 3596 610 3654 die
631 3597 712 3671 Maij.
735 3598 798 3655 misi
820 3617 908 3654 vnum
930 3597 1066 3665 nuncium
1090 3597 1127 3652 ad
1149 3597 1217 3653 diam
1239 3597 1486 3673 archiepiscopum

304 3690 486 3754 bundensem
509 3699 558 3773 qui
581 3708 739 3757 recesserat
761 3700 798 3756 ad
821 3709 946 3756 castrum
969 3716 1053 3756 suum
1075 3699 1113 3755 ad
1128 3697 1256 3771 jusulam
1279 3699 1315 3755 de
1337 3698 1487 3756 Boranda-

304 3795 389 3854 holm.
411 3798 560 3874 requirens
583 3819 648 3857 eum
670 3811 702 3856 vt
723 3801 834 3858 veniret
866 3800 1017 3858 auditurus
1049 3799 1179 3857 raciones
1213 3800 1399 3857 collectorum
1431 3817 1489 3856 vna

305 3917 417 3956 mecum
440 3899 489 3976 qui
511 3901 660 3976 respondit
681 3920 738 3958 non
761 3921 845 3977 posse
868 3902 967 3959 venire
989 3911 1107 3978 propter
1127 3902 1320 3958 infirmitatem
1338 3900 1488 3958 oculorum
1538 3908 1540 3910 ’

306 4019 392 4078 quam
414 4000 592 4077 paciebatur.
615 4002 680 4059 dedi
701 4001 809 4059 famulo
831 4029 872 4038 -
895 4002 960 4077 ‚viij.
981 4022 1071 4078 gross.
1096 4005 1288 4061 Turonenses.

388 4102 461 4160 Item
483 4102 556 4160 solui
579 4123 631 4180 pro
651 4103 718 4179 aiij.
741 4103 864 4179 pellibus
887 4106 1052 4180 pergameni
1076 4124 1128 4180 pro
1150 4104 1251 4161 litteris
1274 4114 1302 4161 et
1323 4103 1489 4162 nacionibus

306 4204 528 4262 transcribendis
553 4235 587 4242 -
613 4225 650 4262 .x.
672 4223 761 4280 gross.
785 4206 977 4264 Turonenscs.

341 4381 350 4411 ¹
369 4386 422 4437 Her
438 4387 534 4450 tillajcs
551 4403 601 4451 paa
617 4388 708 4437 Fodeu
726 4387 755 4436 al
770 4387 859 4438 Sidon:

787 4475 829 4521 .ix.
848 4473 935 4522 floren.
954 4473 1017 4520 anri.

368 4535 432 4604 [ap]
451 4539 556 4591 Samma
572 4541 647 4590 huius
666 4542 758 4604 pagine
787 4541 837 4603 .vij.
855 4542 978 4602 sterlingi.

787 4610 821 4672 .ij.
841 4609 888 4658 sol.
908 4618 934 4658 ct
952 4608 1011 4669 .vilJ'.
1031 4609 1087 4657 den.
1106 4623 1186 4671 gross.
1204 4609 1399 4659 Turonensium.

339 4687 352 4718 ²
370 4693 422 4742 Her
439 4694 547 4755 ligassa:

369 4808 432 4876 [ap]
451 4811 556 4861 Summa
573 4812 647 4861 huius
667 4808 758 4874 pag-ine
771 4777 817 4904 pv.
837 4778 882 4828 sol.
903 4787 928 4825 ct
946 4780 989 4856 ,ire
1009 4779 1066 4826 den.
1086 4793 1166 4839 gross.
1185 4778 1380 4828 Turonensium.

413 4850 418 4860 '
788 4847 838 4909 .vij.
859 4846 984 4908 sterliugr.
