3584 5625
305 799 364 878 De
397 827 513 880 censu
545 828 612 882 seu
645 798 792 884 denario
826 796 923 880 beati
953 795 1052 878 Petri
1084 800 1118 875 in
1149 797 1295 895 Suecia,
1323 806 1430 873 tenor
1470 817 1559 857 rota-u

761 934 973 1012 mmmmm.

175 1119 215 1194 al·
365 1119 516 1180 lohannes
548 1119 702 1197 episcopus
733 1136 834 1176 seruus
866 1134 1015 1175 seruorum
1050 1116 1095 1174 dei
1133 1114 1249 1173 Dilecto
1281 1112 1339 1171 filio
1371 1112 1461 1171 Petro

271 1218 408 1297 Geruasij
431 1221 571 1281 canonico
592 1218 757 1278 Viuariensi
780 1217 939 1295 apostolice
961 1217 1036 1278 sedis
1058 1216 1174 1288 nuncio,
1187 1214 1317 1276 Salutem
1340 1223 1369 1271 et
1390 1231 1461 1289 apo·

271 1320 403 1381 stolicam
424 1321 668 1382 benediccionem.
712 1318 874 1395 Fidedigna
893 1317 1039 1378 relacione
1066 1317 1247 1395 percepimus
1279 1314 1357 1392 quod
1389 1332 1460 1371 non·

271 1422 344 1482 nulli
367 1423 554 1483 ecclesiarum
575 1421 696 1493 Prolati,
719 1430 747 1477 et
769 1418 817 1495 aiij
840 1418 937 1478 clerici
958 1418 1104 1477 seculares
1126 1427 1155 1476 et
1170 1416 1318 1493 Religiosi,
1330 1414 1461 1486 ecclesie,

271 1524 456 1599 monasteria,
479 1534 507 1583 et
528 1524 602 1592 loca,
625 1522 764 1600 capitula,
786 1521 910 1597 collegia
936 1531 965 1578 et
987 1529 1155 1591 conuentus,
1177 1527 1312 1595 exempta
1343 1525 1372 1575 st
1402 1536 1460 1577 non

273 1635 417 1701 exempta,
439 1645 493 1684 uec
515 1644 573 1682 non
592 1623 729 1696 Comites,
751 1624 882 1682 Berones
904 1631 932 1679 et
952 1620 1075 1681 Nobiles
1097 1642 1131 1679 ac
1153 1620 1209 1678 alie
1231 1619 1373 1678 inferioris
1402 1627 1461 1678 sta·

272 1734 320 1784 tus
342 1745 465 1803 persone
487 1725 707 1785 communitates
729 1743 846 1801 quoque
864 1743 916 1782 sen
934 1722 1137 1781 rniuersitates
1148 1720 1375 1799 perNorwegie,
1387 1720 1461 1781 Sue·

274 1828 318 1887 cie
341 1838 370 1887 et
392 1826 485 1887 Gocie
507 1828 610 1901 Regna
632 1826 788 1886 constituta
810 1836 920 1884 certum
942 1843 1059 1883 censum
1082 1824 1164 1882 nobis
1191 1834 1219 1882 et
1248 1822 1369 1883 ecclesie
1401 1823 1461 1882 Ro·

275 1947 359 1988 mane
381 1930 495 1989 soluere
518 1936 652 1986 tenentur
673 1927 755 1985 annis
776 1926 905 2003 singulis,
926 1926 1063 2004 qnodque
1085 1925 1182 2003 plures
1204 1946 1241 1983 ex
1263 1925 1304 1983 sis
1326 1945 1343 1982 a
1375 1924 1462 2000 longe

273 2030 425 2089 retroactis
445 2028 623 2108 temporibus
645 2030 682 2086 eb
704 2027 793 2103 ipsius
816 2048 919 2087 census
940 2028 1088 2086 solucione
1101 2025 1258 2086 cesserunt.
1287 2028 1351 2085 Nos
1365 2036 1461 2084 nutem

275 2130 405 2191 volentes
426 2129 530 2189 nostris
553 2139 582 2187 et
604 2129 731 2188 eiusdem
752 2129 873 2188 ecclesie
891 2131 1022 2188 Romane
1033 2129 1287 2207 indempnitatibus
1300 2129 1461 2205 prouidere,

275 2231 456 2291 Discrecioni
478 2240 528 2289 tue
550 2250 604 2308 per
625 2229 786 2307 apostolica
807 2231 915 2306 scripta
937 2230 1140 2289 committimus
1162 2242 1191 2288 et
1209 2231 1462 2306 mandemusque·

277 2342 360 2390 tenus
382 2350 470 2407 super
490 2331 637 2408 premissis
659 2332 822 2403 summarie,
842 2331 1009 2408 simpliciter
1028 2341 1057 2389 et
1078 2331 1113 2388 de
1135 2331 1222 2406 pleno
1244 2350 1278 2389 sc
1301 2332 1361 2390 sine
1392 2341 1463 2389 stre·

276 2432 339 2509 pitu
361 2442 391 2491 et
410 2433 504 2508 figura
518 2431 622 2507 judicij
645 2452 697 2509 per
717 2444 745 2489 te
768 2433 815 2490 uel
837 2433 925 2491 alium
948 2453 1000 2491 seu
1022 2432 1094 2490 alios
1116 2442 1144 2490 tc
1165 2431 1323 2491 informans
1345 2451 1462 2491 censum

277 2532 441 2592 huiusmodi
463 2534 500 2591 ab
524 2533 657 2592 omnibus
679 2544 707 2591 et
728 2533 848 2609 singulis
870 2535 920 2610 qni
941 2536 978 2592 sd
1000 2533 1090 2610 ipsius
1121 2533 1300 2592 solucionem
1331 2543 1464 2591 tenentur

277 2637 313 2693 ab
336 2635 438 2693 eodem
460 2643 590 2711 tempore
612 2654 670 2710 quo
693 2636 729 2693 ab
752 2636 841 2711 ipsius
863 2635 1012 2694 solucione
1034 2645 1183 2693 cessarunt
1204 2644 1233 2692 et
1254 2635 1341 2693 etiam
1362 2635 1392 2692 in
1411 2653 1463 2711 po·

277 2746 385 2795 storum
407 2754 499 2814 usque
522 2736 559 2793 nd
582 2736 795 2812 beneplacitum
817 2736 976 2812 apostolice
1003 2737 1087 2806 sedis,
1121 2737 1236 2811 exigere
1269 2743 1304 2795 ac'
1335 2736 1464 2815 recipere

277 2850 375 2897 nostro
398 2848 427 2896 et
448 2837 576 2895 eiusdem
599 2837 720 2896 ecclesie
742 2839 857 2897 nomine
880 2858 946 2896 cum
978 2838 1143 2914 integritate
1174 2857 1321 2914 procures,
1344 2858 1394 2896 eos
1426 2839 1464 2897 ad

276 2930 305 2997 id
327 2938 351 2999 si
373 2957 490 2998 necesse
511 2938 596 2997 luerit
618 2939 790 2996 auctoritate
812 2949 910 2999 nostra
937 2938 1137 3016 appellacione
1169 2951 1235 3016 post
1263 2939 1357 3017 posita
1386 2959 1463 2999 com·

277 3040 420 3117 pellendo,
441 3039 510 3098 Non
534 3040 666 3097 obstante
688 3041 712 3098 si
734 3040 775 3099 eis
797 3041 844 3099 uel
867 3061 966 3099 eorum
985 3041 1134 3118 aliquibus
1153 3041 1343 3100 communiter
1362 3041 1408 3100 uel
1421 3042 1463 3100 di·

277 3141 360 3200 nisim
382 3142 419 3199 ab
443 3140 544 3199 eadem
566 3141 603 3198 sit
624 3140 692 3198 sede
714 3141 856 3200 indultum
880 3144 957 3219 quod
980 3142 1121 3214 interdici,
1139 3144 1275 3218 suspendi
1288 3143 1464 3201 uelexcom·

277 3242 417 3301 municari
438 3261 495 3301 non
517 3250 638 3319 possunt
660 3262 711 3318 per
732 3242 842 3302 litteras
862 3244 1038 3320 apostolicas
1061 3247 1120 3302 non'
1139 3243 1275 3302 iacientes
1298 3244 1414 3320 plenam
1436 3253 1465 3302 et

278 3363 443 3421 expressam
463 3363 498 3402 ac
521 3343 556 3401 de
580 3345 671 3402 uerbo
693 3345 730 3401 ad
751 3346 873 3402 uerbum
896 3345 932 3402 de
953 3345 1065 3403 indulto
1086 3345 1250 3402 huiusmodi
1277 3345 1464 3404 mencionem.

229 3470 231 3474 ⁷
277 3443 422 3507 Volumus
444 3454 541 3504 autem
563 3446 642 3521 quod
665 3465 713 3504 eos
736 3445 785 3521 qui
808 3445 860 3503 tibi
888 3445 996 3504 dictum
1026 3466 1142 3505 censum
1175 3446 1223 3504 uel
1254 3446 1316 3506 eius
1348 3447 1463 3505 residua

278 3546 412 3609 duxerint
433 3545 625 3623 persoluenda
647 3545 759 3623 plenius
781 3546 933 3606 absoluere
954 3548 1054 3607 valeas
1077 3558 1106 3605 et
1127 3547 1252 3623 quittare
1275 3548 1310 3605 de
1332 3545 1385 3624 hijs
1406 3568 1464 3626 que

278 3649 315 3706 ab
336 3647 405 3726 ipsis
426 3646 556 3723 recipere
579 3656 607 3705 te
629 3647 863 3722 continget,iude
885 3648 988 3707 confici
1005 3648 1136 3707 laniendo
1148 3648 1465 3727 publicejnstrumenta

278 3749 360 3806 nobis
380 3749 564 3825 postmodum
586 3748 709 3807 fideliter
731 3748 913 3825 assignanda,
935 3752 1045 3809 Datum
1067 3750 1215 3809 Auinione
1237 3750 1293 3825 iiij.
1324 3751 1464 3810 kalendas

278 3847 430 3924 Februarii
450 3849 640 3909 Pontificatus
662 3849 751 3909 nostri
775 3869 851 3908 anno
874 3850 946 3926 .xvj‘!

361 3949 491 4027 Quarum
513 3952 686 4010 auctoritate
707 3953 737 4009 in
760 3951 837 4010 dicto
859 3952 1019 4030 procedens
1041 3952 1163 4029 negocio
1193 3953 1330 4030 pecunias
1361 3961 1389 4011 et
1417 3972 1463 4016 ar·

277 4061 396 4126 gentum
416 4053 514 4128 recepi
536 4052 740 4128 infrascriptae.

722 4321 1023 4336 ...Μ-...-

342 4538 1566 4639 memfflmfflfflmmfflfflfflm.wa

362 4712 451 4770 Anno
474 4712 522 4769 dei
547 4721 597 4770 .m⁰.
626 4722 690 4773 cccl
717 4716 812 4792 xxxij‘!
841 4717 888 4776 die
910 4717 960 4794 ,iije
989 4719 1094 4778 mensis
1116 4720 1300 4780 Nouembris.
1323 4722 1420 4799 recepi
1448 4740 1466 4778 a

278 4813 338 4871 dr‘ro
358 4814 479 4873 Andrea
499 4815 637 4890 Jngerdis
659 4814 769 4876 Curato
791 4819 912 4878 ecclesie
934 4823 1019 4880 beate
1047 4822 1140 4880 Maris
1170 4823 1328 4896 Scarensis,
1361 4824 1466 4882 collec·
1570 4806 1572 4811 ⁵
