<?xml version="1.0" encoding="UTF-8"?>
<!DOCTYPE html PUBLIC "-//W3C//DTD XHTML 1.0 Transitional//EN"
    "http://www.w3.org/TR/xhtml1/DTD/xhtml1-transitional.dtd">
<html xmlns="http://www.w3.org/1999/xhtml" xml:lang="en" lang="en">
 <head>
  <title>
</title>
<meta http-equiv="Content-Type" content="text/html;charset=utf-8" />
  <meta name='ocr-system' content='tesseract 3.04.00' />
  <meta name='ocr-capabilities' content='ocr_page ocr_carea ocr_par ocr_line ocrx_word'/>
</head>
<body>
  <div class='ocr_page' id='page_1' title='image "./paveligenuntier00nuncgoog_0046.png"; bbox 0 0 3584 5625; ppageno 0'>
   <div class='ocr_carea' id='block_1_1' title="bbox 888 447 929 507">
    <p class='ocr_par' dir='ltr' id='par_1_1' title="bbox 888 447 929 507">
     <span class='ocr_line' id='line_1_1' title="bbox 888 447 929 507; baseline -0.049 0"><span class='ocrx_word' id='word_1_1' title='bbox 888 447 929 507; x_wconf 80' lang='lat'>34</span> 
     </span>
    </p>
   </div>
   <div class='ocr_carea' id='block_1_2' title="bbox 307 632 1521 2435">
    <p class='ocr_par' dir='ltr' id='par_1_2' title="bbox 307 632 1521 2435">
     <span class='ocr_line' id='line_1_2' title="bbox 318 632 1507 713; baseline 0.001 -19"><span class='ocrx_word' id='word_1_2' title='bbox 318 636 431 713; x_wconf 77' lang='lat' dir='ltr'>urgenti</span> <span class='ocrx_word' id='word_1_3' title='bbox 453 636 490 694; x_wconf 79' lang='lat' dir='ltr'>ed</span> <span class='ocrx_word' id='word_1_4' title='bbox 513 636 626 712; x_wconf 82' lang='lat' dir='ltr'>pondus</span> <span class='ocrx_word' id='word_1_5' title='bbox 642 634 678 692; x_wconf 88' lang='lat' dir='ltr'>de</span> <span class='ocrx_word' id='word_1_6' title='bbox 690 632 851 693; x_wconf 89' lang='lat' dir='ltr'>Stocolmis.</span> <span class='ocrx_word' id='word_1_7' title='bbox 875 634 1070 710; x_wconf 83' lang='lat' dir='ltr'>computando</span> <span class='ocrx_word' id='word_1_8' title='bbox 1081 636 1240 711; x_wconf 81' lang='lat' dir='ltr'><strong>quamlibet</strong></span> <span class='ocrx_word' id='word_1_9' title='bbox 1252 654 1379 694; x_wconf 79' lang='lat' dir='ltr'>mercem</span> <span class='ocrx_word' id='word_1_10' title='bbox 1390 636 1507 712; x_wconf 81' lang='lat' dir='ltr'>urgenti</span> 
     </span>
     <span class='ocr_line' id='line_1_3' title="bbox 316 736 1506 813; baseline 0 -18"><span class='ocrx_word' id='word_1_11' title='bbox 316 756 371 813; x_wconf 77' lang='lat' dir='ltr'>prq</span> <span class='ocrx_word' id='word_1_12' title='bbox 391 756 427 795; x_wconf 89' lang='lat' dir='ltr'>.v.</span> <span class='ocrx_word' id='word_1_13' title='bbox 448 738 552 796; x_wconf 83' lang='lat' dir='ltr'>marcis</span> <span class='ocrx_word' id='word_1_14' title='bbox 572 755 663 813; x_wconf 85' lang='lat' dir='ltr'>perue</span> <span class='ocrx_word' id='word_1_15' title='bbox 685 736 814 810; x_wconf 79' lang='lat' dir='ltr'>pecunie.</span> <span class='ocrx_word' id='word_1_16' title='bbox 837 736 966 795; x_wconf 80' lang='lat' dir='ltr'>aseendit</span> <span class='ocrx_word' id='word_1_17' title='bbox 981 736 1089 794; x_wconf 92' lang='lat' dir='ltr'>dictum</span> <span class='ocrx_word' id='word_1_18' title='bbox 1112 745 1263 812; x_wconf 82' lang='lat' dir='ltr'>argentum</span> <span class='ocrx_word' id='word_1_19' title='bbox 1285 737 1324 795; x_wconf 81' lang='lat' dir='ltr'>ed</span> <span class='ocrx_word' id='word_1_20' title='bbox 1345 757 1403 795; x_wconf 88' lang='lat' dir='ltr'>.xx.</span> <span class='ocrx_word' id='word_1_21' title='bbox 1427 757 1506 795; x_wconf 78' lang='lat' dir='ltr'>mer·</span> 
     </span>
     <span class='ocr_line' id='line_1_4' title="bbox 316 836 832 914; baseline -0.006 -18"><span class='ocrx_word' id='word_1_22' title='bbox 316 856 374 896; x_wconf 83' lang='lat' dir='ltr'>ces.</span> <span class='ocrx_word' id='word_1_23' title='bbox 396 848 425 896; x_wconf 94' lang='lat' dir='ltr'>et</span> <span class='ocrx_word' id='word_1_24' title='bbox 445 857 483 895; x_wconf 86' lang='lat' dir='ltr'>.v.</span> <span class='ocrx_word' id='word_1_25' title='bbox 505 858 570 897; x_wconf 79' lang='lat' dir='ltr'>oras</span> <span class='ocrx_word' id='word_1_26' title='bbox 590 856 682 914; x_wconf 87' lang='lat' dir='ltr'>perue</span> <span class='ocrx_word' id='word_1_27' title='bbox 703 836 832 912; x_wconf 82' lang='lat' dir='ltr'>pecunie.</span> 
     </span>
     <span class='ocr_line' id='line_1_5' title="bbox 315 935 1504 1015; baseline 0.002 -19"><span class='ocrx_word' id='word_1_28' title='bbox 315 935 349 1011; x_wconf 80' lang='lat'>†¹</span> <span class='ocrx_word' id='word_1_29' title='bbox 400 940 472 997; x_wconf 83' lang='lat' dir='ltr'>Item</span> <span class='ocrx_word' id='word_1_30' title='bbox 495 939 603 1015; x_wconf 74' lang='lat' dir='ltr'>,xxviii</span> <span class='ocrx_word' id='word_1_31' title='bbox 626 938 733 997; x_wconf 83' lang='lat' dir='ltr'>solidos</span> <span class='ocrx_word' id='word_1_32' title='bbox 752 945 781 995; x_wconf 91' lang='lat' dir='ltr'>et</span> <span class='ocrx_word' id='word_1_33' title='bbox 802 957 839 995; x_wconf 87' lang='lat' dir='ltr'>.v.</span> <span class='ocrx_word' id='word_1_34' title='bbox 862 936 996 997; x_wconf 79' lang='lat' dir='ltr'>denarios</span> <span class='ocrx_word' id='word_1_35' title='bbox 1023 938 1235 997; x_wconf 87' lang='lat' dir='ltr'>Turonensium</span> <span class='ocrx_word' id='word_1_36' title='bbox 1267 939 1389 1015; x_wconf 79' lang='lat' dir='ltr'>argenti.</span> <span class='ocrx_word' id='word_1_37' title='bbox 1423 960 1504 1000; x_wconf 90' lang='lat' dir='ltr'>com·</span> 
     </span>
     <span class='ocr_line' id='line_1_6' title="bbox 314 1038 1503 1117; baseline 0.002 -20"><span class='ocrx_word' id='word_1_38' title='bbox 314 1048 416 1115; x_wconf 79' lang='lat' dir='ltr'>putato</span> <span class='ocrx_word' id='word_1_39' title='bbox 437 1040 567 1117; x_wconf 90' lang='lat' dir='ltr'>quolibet</span> <span class='ocrx_word' id='word_1_40' title='bbox 587 1039 680 1098; x_wconf 90' lang='lat' dir='ltr'>solido</span> <span class='ocrx_word' id='word_1_41' title='bbox 702 1038 918 1097; x_wconf 82' lang='lat' dir='ltr'>Turonensium</span> <span class='ocrx_word' id='word_1_42' title='bbox 941 1040 1052 1115; x_wconf 82' lang='lat' dir='ltr'>urgenti</span> <span class='ocrx_word' id='word_1_43' title='bbox 1073 1060 1126 1116; x_wconf 90' lang='lat' dir='ltr'>pro</span> <span class='ocrx_word' id='word_1_44' title='bbox 1150 1061 1189 1097; x_wconf 91' lang='lat' dir='ltr'>.x.</span> <span class='ocrx_word' id='word_1_45' title='bbox 1211 1040 1269 1098; x_wconf 89' lang='lat' dir='ltr'>oris</span> <span class='ocrx_word' id='word_1_46' title='bbox 1302 1041 1378 1099; x_wconf 89' lang='lat' dir='ltr'>dicte</span> <span class='ocrx_word' id='word_1_47' title='bbox 1411 1060 1503 1117; x_wconf 79' lang='lat' dir='ltr'>perne</span> 
     </span>
     <span class='ocr_line' id='line_1_7' title="bbox 313 1139 1503 1219; baseline 0.003 -21"><span class='ocrx_word' id='word_1_48' title='bbox 313 1142 444 1217; x_wconf 85' lang='lat' dir='ltr'>pecunie.</span> <span class='ocrx_word' id='word_1_49' title='bbox 466 1142 624 1201; x_wconf 81' lang='lat' dir='ltr'>essendunt</span> <span class='ocrx_word' id='word_1_50' title='bbox 645 1140 713 1198; x_wconf 83' lang='lat' dir='ltr'>dicti</span> <span class='ocrx_word' id='word_1_51' title='bbox 736 1139 843 1217; x_wconf 79' lang='lat' dir='ltr'>.xxviij.</span> <span class='ocrx_word' id='word_1_52' title='bbox 864 1140 947 1199; x_wconf 89' lang='lat' dir='ltr'>solidi</span> <span class='ocrx_word' id='word_1_53' title='bbox 968 1150 998 1199; x_wconf 91' lang='lat' dir='ltr'>et</span> <span class='ocrx_word' id='word_1_54' title='bbox 1019 1161 1054 1199; x_wconf 91' lang='lat' dir='ltr'>.v.</span> <span class='ocrx_word' id='word_1_55' title='bbox 1077 1141 1185 1216; x_wconf 75' lang='lat' dir='ltr'>denarii</span> <span class='ocrx_word' id='word_1_56' title='bbox 1198 1141 1308 1200; x_wconf 83' lang='lat' dir='ltr'>Turon.</span> <span class='ocrx_word' id='word_1_57' title='bbox 1330 1142 1442 1219; x_wconf 81' lang='lat' dir='ltr'>argentj</span> <span class='ocrx_word' id='word_1_58' title='bbox 1465 1144 1503 1201; x_wconf 80' lang='lat' dir='ltr'>ud</span> 
     </span>
     <span class='ocr_line' id='line_1_8' title="bbox 311 1241 1272 1319; baseline 0 -18"><span class='ocrx_word' id='word_1_59' title='bbox 311 1261 411 1301; x_wconf 83' lang='lat' dir='ltr'>.xxxv.</span> <span class='ocrx_word' id='word_1_60' title='bbox 433 1261 546 1303; x_wconf 80' lang='lat' dir='ltr'>marces</span> <span class='ocrx_word' id='word_1_61' title='bbox 568 1261 633 1301; x_wconf 89' lang='lat' dir='ltr'>cum</span> <span class='ocrx_word' id='word_1_62' title='bbox 656 1241 728 1298; x_wconf 77' lang='lat' dir='ltr'>dim!</span> <span class='ocrx_word' id='word_1_63' title='bbox 750 1251 779 1299; x_wconf 87' lang='lat' dir='ltr'>et</span> <span class='ocrx_word' id='word_1_64' title='bbox 800 1241 856 1319; x_wconf 88' lang='lat' dir='ltr'>.iiij.</span> <span class='ocrx_word' id='word_1_65' title='bbox 880 1243 1015 1300; x_wconf 81' lang='lat' dir='ltr'>denarios</span> <span class='ocrx_word' id='word_1_66' title='bbox 1037 1263 1127 1319; x_wconf 86' lang='lat' dir='ltr'>perne</span> <span class='ocrx_word' id='word_1_67' title='bbox 1149 1252 1272 1301; x_wconf 88' lang='lat' dir='ltr'>monete.</span> 
     </span>
     <span class='ocr_line' id='line_1_9' title="bbox 312 1325 1502 1421; baseline 0.002 -20"><span class='ocrx_word' id='word_1_68' title='bbox 312 1345 329 1416; x_wconf 67' lang='lat' dir='ltr'>&#39;r</span> <span class='ocrx_word' id='word_1_69' title='bbox 393 1345 468 1410; x_wconf 82' lang='lat' dir='ltr'>Item</span> <span class='ocrx_word' id='word_1_70' title='bbox 493 1344 552 1401; x_wconf 87' lang='lat' dir='ltr'>.xli.</span> <span class='ocrx_word' id='word_1_71' title='bbox 575 1342 682 1402; x_wconf 86' lang='lat' dir='ltr'>solidos</span> <span class='ocrx_word' id='word_1_72' title='bbox 704 1351 733 1399; x_wconf 90' lang='lat' dir='ltr'>et</span> <span class='ocrx_word' id='word_1_73' title='bbox 762 1342 818 1417; x_wconf 91' lang='lat' dir='ltr'>.iiij.</span> <span class='ocrx_word' id='word_1_74' title='bbox 841 1344 975 1402; x_wconf 81' lang='lat' dir='ltr'>denarios</span> <span class='ocrx_word' id='word_1_75' title='bbox 995 1325 1207 1420; x_wconf 64' lang='lat' dir='ltr'>sterlingorum.</span> <span class='ocrx_word' id='word_1_76' title='bbox 1236 1345 1433 1421; x_wconf 73' lang='lat' dir='ltr'>computando</span> <span class='ocrx_word' id='word_1_77' title='bbox 1455 1344 1502 1420; x_wconf 92' lang='lat' dir='ltr'>.iij.</span> 
     </span>
     <span class='ocr_line' id='line_1_10' title="bbox 311 1444 1521 1522; baseline 0.002 -19"><span class='ocrx_word' id='word_1_78' title='bbox 311 1445 363 1503; x_wconf 89' lang='lat' dir='ltr'>sol.</span> <span class='ocrx_word' id='word_1_79' title='bbox 385 1465 438 1521; x_wconf 89' lang='lat' dir='ltr'>pro</span> <span class='ocrx_word' id='word_1_80' title='bbox 460 1466 497 1504; x_wconf 81' lang='lat' dir='ltr'>.x.</span> <span class='ocrx_word' id='word_1_81' title='bbox 519 1445 586 1504; x_wconf 87' lang='lat' dir='ltr'>om&#39;s.</span> <span class='ocrx_word' id='word_1_82' title='bbox 608 1444 765 1503; x_wconf 86' lang='lat' dir='ltr'>assendunt</span> <span class='ocrx_word' id='word_1_83' title='bbox 787 1444 855 1502; x_wconf 85' lang='lat' dir='ltr'>dicti</span> <span class='ocrx_word' id='word_1_84' title='bbox 877 1444 1005 1520; x_wconf 85' lang='lat' dir='ltr'>sterlingi</span> <span class='ocrx_word' id='word_1_85' title='bbox 1035 1446 1072 1502; x_wconf 85' lang='lat' dir='ltr'>ud</span> <span class='ocrx_word' id='word_1_86' title='bbox 1104 1446 1181 1521; x_wconf 86' lang='lat' dir='ltr'>.xvij.</span> <span class='ocrx_word' id='word_1_87' title='bbox 1214 1466 1327 1505; x_wconf 82' lang='lat' dir='ltr'>marcas</span> <span class='ocrx_word' id='word_1_88' title='bbox 1359 1446 1385 1522; x_wconf 88' lang='lat' dir='ltr'>.j.</span> <span class='ocrx_word' id='word_1_89' title='bbox 1418 1466 1521 1514; x_wconf 61' lang='lat' dir='ltr'>orem,</span> 
     </span>
     <span class='ocr_line' id='line_1_11' title="bbox 311 1546 1323 1623; baseline 0.001 -20"><span class='ocrx_word' id='word_1_90' title='bbox 311 1546 378 1604; x_wconf 86' lang='lat' dir='ltr'>.xix.</span> <span class='ocrx_word' id='word_1_91' title='bbox 402 1547 533 1606; x_wconf 81' lang='lat' dir='ltr'>denarios</span> <span class='ocrx_word' id='word_1_92' title='bbox 555 1566 645 1623; x_wconf 82' lang='lat' dir='ltr'>perne</span> <span class='ocrx_word' id='word_1_93' title='bbox 668 1555 790 1604; x_wconf 88' lang='lat' dir='ltr'>monete.</span> <span class='ocrx_word' id='word_1_94' title='bbox 1319 1612 1323 1618; x_wconf 49' lang='grc'><strong><em>,</em></strong></span> 
     </span>
     <span class='ocr_line' id='line_1_12' title="bbox 394 1646 1501 1725; baseline 0.003 -21"><span class='ocrx_word' id='word_1_95' title='bbox 394 1647 468 1705; x_wconf 92' lang='lat' dir='ltr'>Item</span> <span class='ocrx_word' id='word_1_96' title='bbox 491 1650 537 1706; x_wconf 89' lang='lat' dir='ltr'>.ix.</span> <span class='ocrx_word' id='word_1_97' title='bbox 560 1648 612 1706; x_wconf 80' lang='lat' dir='ltr'>sol.</span> <span class='ocrx_word' id='word_1_98' title='bbox 636 1647 693 1722; x_wconf 90' lang='lat' dir='ltr'>.iiij.</span> <span class='ocrx_word' id='word_1_99' title='bbox 717 1648 780 1706; x_wconf 92' lang='lat' dir='ltr'>den.</span> <span class='ocrx_word' id='word_1_100' title='bbox 803 1646 915 1722; x_wconf 78' lang='lat' dir='ltr'>argenti</span> <span class='ocrx_word' id='word_1_101' title='bbox 938 1648 973 1705; x_wconf 90' lang='lat' dir='ltr'>de</span> <span class='ocrx_word' id='word_1_102' title='bbox 996 1649 1125 1707; x_wconf 86' lang='lat' dir='ltr'>Boemia.</span> <span class='ocrx_word' id='word_1_103' title='bbox 1148 1650 1197 1725; x_wconf 92' lang='lat' dir='ltr'>qui</span> <span class='ocrx_word' id='word_1_104' title='bbox 1210 1650 1318 1708; x_wconf 84' lang='lat' dir='ltr'>denarii</span> <span class='ocrx_word' id='word_1_105' title='bbox 1330 1651 1366 1706; x_wconf 92' lang='lat' dir='ltr'>de</span> <span class='ocrx_word' id='word_1_106' title='bbox 1377 1649 1501 1707; x_wconf 79' lang='lat' dir='ltr'>Boemie</span> 
     </span>
     <span class='ocr_line' id='line_1_13' title="bbox 310 1748 1377 1826; baseline 0.002 -21"><span class='ocrx_word' id='word_1_107' title='bbox 310 1750 467 1807; x_wconf 73' lang='lat' dir='ltr'>ascendunt</span> <span class='ocrx_word' id='word_1_108' title='bbox 488 1750 524 1807; x_wconf 84' lang='lat' dir='ltr'>ad</span> <span class='ocrx_word' id='word_1_109' title='bbox 547 1750 594 1825; x_wconf 86' lang='lat' dir='ltr'>.xj.</span> <span class='ocrx_word' id='word_1_110' title='bbox 617 1768 729 1808; x_wconf 81' lang='lat' dir='ltr'>marcas</span> <span class='ocrx_word' id='word_1_111' title='bbox 752 1767 786 1806; x_wconf 85' lang='lat' dir='ltr'>.v.</span> <span class='ocrx_word' id='word_1_112' title='bbox 807 1754 873 1806; x_wconf 84' lang='lat' dir='ltr'>oras</span> <span class='ocrx_word' id='word_1_113' title='bbox 895 1748 963 1822; x_wconf 88' lang='lat' dir='ltr'>.viij.</span> <span class='ocrx_word' id='word_1_114' title='bbox 986 1750 1119 1808; x_wconf 86' lang='lat' dir='ltr'>denarios</span> <span class='ocrx_word' id='word_1_115' title='bbox 1141 1770 1231 1826; x_wconf 80' lang='lat' dir='ltr'>parue</span> <span class='ocrx_word' id='word_1_116' title='bbox 1254 1762 1377 1808; x_wconf 90' lang='lat' dir='ltr'>monete.</span> 
     </span>
     <span class='ocr_line' id='line_1_14' title="bbox 393 1850 1498 1928; baseline -0.001 -18"><span class='ocrx_word' id='word_1_117' title='bbox 393 1850 514 1911; x_wconf 87' lang='lat' dir='ltr'>Summa</span> <span class='ocrx_word' id='word_1_118' title='bbox 534 1851 613 1909; x_wconf 82' lang='lat' dir='ltr'>velet</span> <span class='ocrx_word' id='word_1_119' title='bbox 633 1862 693 1908; x_wconf 83' lang='lat' dir='ltr'>tum</span> <span class='ocrx_word' id='word_1_120' title='bbox 715 1861 876 1926; x_wconf 76' lang='lat' dir='ltr'>argentum,</span> <span class='ocrx_word' id='word_1_121' title='bbox 890 1851 1075 1909; x_wconf 88' lang='lat' dir='ltr'>Turonenses</span> <span class='ocrx_word' id='word_1_122' title='bbox 1097 1853 1218 1928; x_wconf 79' lang='lat' dir='ltr'>argenti,</span> <span class='ocrx_word' id='word_1_123' title='bbox 1241 1851 1386 1927; x_wconf 73' lang='lat' dir='ltr'>sterlengi,</span> <span class='ocrx_word' id='word_1_124' title='bbox 1408 1871 1498 1928; x_wconf 84' lang='lat' dir='ltr'>quem</span> 
     </span>
     <span class='ocr_line' id='line_1_15' title="bbox 308 1951 1498 2029; baseline 0.001 -20"><span class='ocrx_word' id='word_1_125' title='bbox 308 1952 416 2028; x_wconf 88' lang='lat' dir='ltr'>denerij</span> <span class='ocrx_word' id='word_1_126' title='bbox 430 1954 465 2011; x_wconf 85' lang='lat' dir='ltr'>de</span> <span class='ocrx_word' id='word_1_127' title='bbox 477 1952 600 2009; x_wconf 84' lang='lat' dir='ltr'>Boemia</span> <span class='ocrx_word' id='word_1_128' title='bbox 622 1980 650 1989; x_wconf 40' lang='lat'>*-</span> <span class='ocrx_word' id='word_1_129' title='bbox 668 1951 776 2009; x_wconf 81' lang='lat' dir='ltr'>Ixxxv.</span> <span class='ocrx_word' id='word_1_130' title='bbox 798 1971 910 2010; x_wconf 84' lang='lat' dir='ltr'>marcas</span> <span class='ocrx_word' id='word_1_131' title='bbox 934 1971 999 2009; x_wconf 91' lang='lat' dir='ltr'>cum</span> <span class='ocrx_word' id='word_1_132' title='bbox 1023 1952 1078 2026; x_wconf 86' lang='lat' dir='ltr'>.vij.</span> <span class='ocrx_word' id='word_1_133' title='bbox 1103 1954 1229 2012; x_wconf 81' lang='lat' dir='ltr'>denariis</span> <span class='ocrx_word' id='word_1_134' title='bbox 1252 1972 1343 2029; x_wconf 84' lang='lat' dir='ltr'>perue</span> <span class='ocrx_word' id='word_1_135' title='bbox 1365 1954 1498 2029; x_wconf 88' lang='lat' dir='ltr'>pecunie.</span> 
     </span>
     <span class='ocr_line' id='line_1_16' title="bbox 392 2053 1498 2130; baseline 0.004 -20"><span class='ocrx_word' id='word_1_136' title='bbox 392 2054 465 2111; x_wconf 88' lang='lat' dir='ltr'>Item</span> <span class='ocrx_word' id='word_1_137' title='bbox 487 2053 515 2111; x_wconf 92' lang='lat' dir='ltr'>in</span> <span class='ocrx_word' id='word_1_138' title='bbox 538 2073 630 2130; x_wconf 86' lang='lat' dir='ltr'>parua</span> <span class='ocrx_word' id='word_1_139' title='bbox 651 2055 774 2129; x_wconf 81' lang='lat' dir='ltr'>pecunia</span> <span class='ocrx_word' id='word_1_140' title='bbox 796 2082 836 2091; x_wconf 92' lang='lat'><em>-</em></span> <span class='ocrx_word' id='word_1_141' title='bbox 860 2053 976 2129; x_wconf 77' lang='lat' dir='ltr'>clxxvj.</span> <span class='ocrx_word' id='word_1_142' title='bbox 999 2074 1112 2113; x_wconf 80' lang='lat' dir='ltr'>marcas</span> <span class='ocrx_word' id='word_1_143' title='bbox 1135 2055 1172 2129; x_wconf 88' lang='lat' dir='ltr'>.ij.</span> <span class='ocrx_word' id='word_1_144' title='bbox 1194 2075 1259 2113; x_wconf 78' lang='lat' dir='ltr'>ores</span> <span class='ocrx_word' id='word_1_145' title='bbox 1281 2057 1329 2113; x_wconf 78' lang='lat' dir='ltr'>ix.</span> <span class='ocrx_word' id='word_1_146' title='bbox 1354 2055 1498 2114; x_wconf 86' lang='lat' dir='ltr'>denarios.</span> 
     </span>
     <span class='ocr_line' id='line_1_17' title="bbox 391 2154 1499 2233; baseline 0.003 -21"><span class='ocrx_word' id='word_1_147' title='bbox 391 2156 464 2213; x_wconf 88' lang='lat' dir='ltr'>Item</span> <span class='ocrx_word' id='word_1_148' title='bbox 486 2156 515 2213; x_wconf 93' lang='lat' dir='ltr'>in</span> <span class='ocrx_word' id='word_1_149' title='bbox 537 2154 629 2232; x_wconf 77' lang='lat' dir='ltr'>parua</span> <span class='ocrx_word' id='word_1_150' title='bbox 651 2155 776 2231; x_wconf 86' lang='lat' dir='ltr'>pecunie</span> <span class='ocrx_word' id='word_1_151' title='bbox 797 2155 917 2230; x_wconf 78' lang='lat' dir='ltr'>antique</span> <span class='ocrx_word' id='word_1_152' title='bbox 939 2156 995 2231; x_wconf 86' lang='lat' dir='ltr'>.xij.</span> <span class='ocrx_word' id='word_1_153' title='bbox 1018 2175 1083 2214; x_wconf 82' lang='lat' dir='ltr'>oras</span> <span class='ocrx_word' id='word_1_154' title='bbox 1104 2167 1270 2215; x_wconf 73' lang='lat' dir='ltr'>numeratas</span> <span class='ocrx_word' id='word_1_155' title='bbox 1292 2176 1349 2233; x_wconf 90' lang='lat' dir='ltr'>que</span> <span class='ocrx_word' id='word_1_156' title='bbox 1378 2158 1499 2216; x_wconf 74' lang='lat' dir='ltr'>inuenta</span> 
     </span>
     <span class='ocr_line' id='line_1_18' title="bbox 307 2256 930 2333; baseline -0.003 -19"><span class='ocrx_word' id='word_1_157' title='bbox 307 2256 421 2315; x_wconf 77' lang='lat' dir='ltr'>fuerunt</span> <span class='ocrx_word' id='word_1_158' title='bbox 443 2267 539 2333; x_wconf 88' lang='lat' dir='ltr'>preter</span> <span class='ocrx_word' id='word_1_159' title='bbox 559 2258 757 2333; x_wconf 80' lang='lat' dir='ltr'>supradictum</span> <span class='ocrx_word' id='word_1_160' title='bbox 778 2274 930 2314; x_wconf 83' lang='lat' dir='ltr'>summam.</span> 
     </span>
     <span class='ocr_line' id='line_1_19' title="bbox 391 2358 834 2435; baseline -0.002 -18"><span class='ocrx_word' id='word_1_161' title='bbox 391 2358 483 2417; x_wconf 82' lang='lat' dir='ltr'>Nulla</span> <span class='ocrx_word' id='word_1_162' title='bbox 502 2378 615 2417; x_wconf 82' lang='lat' dir='ltr'>summa</span> <span class='ocrx_word' id='word_1_163' title='bbox 636 2378 689 2435; x_wconf 93' lang='lat' dir='ltr'>pro</span> <span class='ocrx_word' id='word_1_164' title='bbox 712 2377 834 2416; x_wconf 79' lang='lat' dir='ltr'>camere.</span> 
     </span>
    </p>
   </div>
   <div class='ocr_carea' id='block_1_3' title="bbox 207 2527 1498 4584">
    <p class='ocr_par' dir='ltr' id='par_1_3' title="bbox 207 2527 1498 4584">
     <span class='ocr_line' id='line_1_20' title="bbox 207 2527 1498 2604; baseline 0.005 -24"><span class='ocrx_word' id='word_1_165' title='bbox 207 2543 238 2580; x_wconf 83' lang='lat' dir='ltr'>m.</span> <span class='ocrx_word' id='word_1_166' title='bbox 249 2537 279 2581; x_wconf 75' lang='grc' dir='ltr'>ιθ.</span> <span class='ocrx_word' id='word_1_167' title='bbox 288 2551 306 2583; x_wconf 83' lang='grc' dir='ltr'>ι.</span> <span class='ocrx_word' id='word_1_168' title='bbox 390 2527 437 2585; x_wconf 90' lang='lat' dir='ltr'>De</span> <span class='ocrx_word' id='word_1_169' title='bbox 459 2527 564 2604; x_wconf 88' lang='lat' dir='ltr'>quibus</span> <span class='ocrx_word' id='word_1_170' title='bbox 583 2547 654 2586; x_wconf 88' lang='lat' dir='ltr'>vero</span> <span class='ocrx_word' id='word_1_171' title='bbox 676 2528 809 2586; x_wconf 89' lang='lat' dir='ltr'>omnibus</span> <span class='ocrx_word' id='word_1_172' title='bbox 830 2539 858 2585; x_wconf 90' lang='lat' dir='ltr'>et</span> <span class='ocrx_word' id='word_1_173' title='bbox 879 2528 1002 2603; x_wconf 88' lang='lat' dir='ltr'>singulis</span> <span class='ocrx_word' id='word_1_174' title='bbox 1023 2528 1235 2604; x_wconf 83' lang='lat' dir='ltr'>suprascriptis.</span> <span class='ocrx_word' id='word_1_175' title='bbox 1256 2529 1357 2587; x_wconf 80' lang='lat' dir='ltr'>hebuit</span> <span class='ocrx_word' id='word_1_176' title='bbox 1377 2529 1431 2588; x_wconf 84' lang='lat' dir='ltr'>dns</span> <span class='ocrx_word' id='word_1_177' title='bbox 1442 2548 1498 2587; x_wconf 86' lang='lat' dir='ltr'>rex</span> 
     </span>
     <span class='ocr_line' id='line_1_21' title="bbox 306 2628 676 2705; baseline -0.005 -18"><span class='ocrx_word' id='word_1_178' title='bbox 306 2628 462 2705; x_wconf 84' lang='lat' dir='ltr'>Norwegie</span> <span class='ocrx_word' id='word_1_179' title='bbox 484 2630 676 2687; x_wconf 82' lang='lat' dir='ltr'>medietatem.</span> 
     </span>
     <span class='ocr_line' id='line_1_22' title="bbox 390 2730 1496 2806; baseline 0.002 -17"><span class='ocrx_word' id='word_1_180' title='bbox 390 2730 546 2806; x_wconf 83' lang='lat' dir='ltr'>Reliquam</span> <span class='ocrx_word' id='word_1_181' title='bbox 567 2749 637 2788; x_wconf 89' lang='lat' dir='ltr'>vero</span> <span class='ocrx_word' id='word_1_182' title='bbox 659 2731 841 2790; x_wconf 85' lang='lat' dir='ltr'>medietatem</span> <span class='ocrx_word' id='word_1_183' title='bbox 862 2731 1040 2802; x_wconf 78' lang='lat' dir='ltr'>retinuimus,</span> <span class='ocrx_word' id='word_1_184' title='bbox 1062 2750 1114 2790; x_wconf 85' lang='lat' dir='ltr'>nos</span> <span class='ocrx_word' id='word_1_185' title='bbox 1146 2731 1248 2789; x_wconf 83' lang='lat' dir='ltr'>iratres</span> <span class='ocrx_word' id='word_1_186' title='bbox 1279 2731 1424 2789; x_wconf 81' lang='lat' dir='ltr'>Iohannes</span> <span class='ocrx_word' id='word_1_187' title='bbox 1458 2732 1496 2791; x_wconf 87' lang='lat' dir='ltr'>de</span> 
     </span>
     <span class='ocr_line' id='line_1_23' title="bbox 306 2832 1498 2910; baseline -0.002 -16"><span class='ocrx_word' id='word_1_188' title='bbox 306 2832 427 2905; x_wconf 76' lang='lat' dir='ltr'>Serene,</span> <span class='ocrx_word' id='word_1_189' title='bbox 448 2842 477 2891; x_wconf 91' lang='lat' dir='ltr'>et</span> <span class='ocrx_word' id='word_1_190' title='bbox 498 2833 665 2891; x_wconf 80' lang='lat' dir='ltr'>Bernartius</span> <span class='ocrx_word' id='word_1_191' title='bbox 687 2833 722 2890; x_wconf 90' lang='lat' dir='ltr'>de</span> <span class='ocrx_word' id='word_1_192' title='bbox 735 2833 852 2905; x_wconf 85' lang='lat' dir='ltr'>Ortolis‚</span> <span class='ocrx_word' id='word_1_193' title='bbox 868 2854 922 2910; x_wconf 87' lang='lat' dir='ltr'>pro</span> <span class='ocrx_word' id='word_1_194' title='bbox 944 2853 1060 2892; x_wconf 82' lang='lat' dir='ltr'>camere</span> <span class='ocrx_word' id='word_1_195' title='bbox 1081 2833 1129 2908; x_wconf 81' lang='lat' dir='ltr'>dnj</span> <span class='ocrx_word' id='word_1_196' title='bbox 1152 2833 1240 2908; x_wconf 73' lang='lat' dir='ltr'>nostr-j</span> <span class='ocrx_word' id='word_1_197' title='bbox 1263 2846 1347 2910; x_wconf 83' lang='lat' dir='ltr'>pepe.</span> <span class='ocrx_word' id='word_1_198' title='bbox 1358 2833 1498 2892; x_wconf 84' lang='lat' dir='ltr'>videlicet</span> 
     </span>
     <span class='ocr_line' id='line_1_24' title="bbox 306 2933 1498 3011; baseline 0.003 -20"><span class='ocrx_word' id='word_1_199' title='bbox 306 2933 468 3009; x_wconf 83' lang='lat' dir='ltr'>.ij.murces</span> <span class='ocrx_word' id='word_1_200' title='bbox 489 2945 519 2991; x_wconf 89' lang='lat' dir='ltr'>et</span> <span class='ocrx_word' id='word_1_201' title='bbox 539 2935 685 2993; x_wconf 86' lang='lat' dir='ltr'>dimidiam</span> <span class='ocrx_word' id='word_1_202' title='bbox 707 2935 822 2993; x_wconf 77' lang='lat' dir='ltr'>nnciam</span> <span class='ocrx_word' id='word_1_203' title='bbox 845 2935 965 3011; x_wconf 83' lang='lat' dir='ltr'>argentj.</span> <span class='ocrx_word' id='word_1_204' title='bbox 989 2955 1042 3011; x_wconf 91' lang='lat' dir='ltr'>pro</span> <span class='ocrx_word' id='word_1_205' title='bbox 1065 2955 1102 2993; x_wconf 86' lang='lat' dir='ltr'>.x.</span> <span class='ocrx_word' id='word_1_206' title='bbox 1121 2937 1226 2994; x_wconf 85' lang='lat' dir='ltr'>mercis</span> <span class='ocrx_word' id='word_1_207' title='bbox 1248 2945 1277 2993; x_wconf 93' lang='lat' dir='ltr'>et</span> <span class='ocrx_word' id='word_1_208' title='bbox 1299 2934 1336 3010; x_wconf 91' lang='lat' dir='ltr'>.ij.</span> <span class='ocrx_word' id='word_1_209' title='bbox 1352 2935 1410 2993; x_wconf 86' lang='lat' dir='ltr'>oris</span> <span class='ocrx_word' id='word_1_210' title='bbox 1427 2954 1498 2995; x_wconf 89' lang='lat' dir='ltr'>cum</span> 
     </span>
     <span class='ocr_line' id='line_1_25' title="bbox 307 3035 787 3111; baseline -0.002 -18"><span class='ocrx_word' id='word_1_211' title='bbox 307 3037 426 3094; x_wconf 81' lang='lat' dir='ltr'>dimidia</span> <span class='ocrx_word' id='word_1_212' title='bbox 446 3035 522 3094; x_wconf 88' lang='lat' dir='ltr'>dicte</span> <span class='ocrx_word' id='word_1_213' title='bbox 544 3055 634 3111; x_wconf 82' lang='lat' dir='ltr'>parue</span> <span class='ocrx_word' id='word_1_214' title='bbox 655 3037 787 3111; x_wconf 90' lang='lat' dir='ltr'>pecunie.</span> 
     </span>
     <span class='ocr_line' id='line_1_26' title="bbox 391 3136 1496 3216; baseline -0.001 -21"><span class='ocrx_word' id='word_1_215' title='bbox 391 3138 464 3195; x_wconf 90' lang='lat' dir='ltr'>Item</span> <span class='ocrx_word' id='word_1_216' title='bbox 486 3136 564 3212; x_wconf 84' lang='lat' dir='ltr'>.xiiij.</span> <span class='ocrx_word' id='word_1_217' title='bbox 587 3138 639 3196; x_wconf 89' lang='lat' dir='ltr'>sol.</span> <span class='ocrx_word' id='word_1_218' title='bbox 659 3136 688 3212; x_wconf 89' lang='lat' dir='ltr'>ij.</span> <span class='ocrx_word' id='word_1_219' title='bbox 710 3137 775 3195; x_wconf 87' lang='lat' dir='ltr'>den.</span> <span class='ocrx_word' id='word_1_220' title='bbox 797 3158 862 3196; x_wconf 94' lang='lat' dir='ltr'>cum</span> <span class='ocrx_word' id='word_1_221' title='bbox 885 3138 1003 3196; x_wconf 84' lang='lat' dir='ltr'>dimidio</span> <span class='ocrx_word' id='word_1_222' title='bbox 1026 3140 1097 3198; x_wconf 89' lang='lat' dir='ltr'>Tur.</span> <span class='ocrx_word' id='word_1_223' title='bbox 1120 3138 1240 3216; x_wconf 79' lang='lat' dir='ltr'>ergentj.</span> <span class='ocrx_word' id='word_1_224' title='bbox 1259 3156 1311 3213; x_wconf 93' lang='lat' dir='ltr'>pro</span> <span class='ocrx_word' id='word_1_225' title='bbox 1326 3137 1496 3212; x_wconf 83' lang='lat' dir='ltr'>.xvij.mar·</span> 
     </span>
     <span class='ocr_line' id='line_1_27' title="bbox 308 3237 1197 3316; baseline 0.003 -19"><span class='ocrx_word' id='word_1_226' title='bbox 308 3241 369 3298; x_wconf 87' lang='lat' dir='ltr'>chis</span> <span class='ocrx_word' id='word_1_227' title='bbox 391 3259 457 3298; x_wconf 92' lang='lat' dir='ltr'>cum</span> <span class='ocrx_word' id='word_1_228' title='bbox 479 3239 525 3314; x_wconf 90' lang='lat' dir='ltr'>.vj.</span> <span class='ocrx_word' id='word_1_229' title='bbox 547 3239 604 3298; x_wconf 88' lang='lat' dir='ltr'>oris</span> <span class='ocrx_word' id='word_1_230' title='bbox 625 3248 653 3297; x_wconf 92' lang='lat' dir='ltr'>et</span> <span class='ocrx_word' id='word_1_231' title='bbox 677 3237 714 3313; x_wconf 91' lang='lat' dir='ltr'>.ij</span> <span class='ocrx_word' id='word_1_232' title='bbox 735 3240 832 3297; x_wconf 81' lang='lat' dir='ltr'>denar.</span> <span class='ocrx_word' id='word_1_233' title='bbox 856 3240 932 3298; x_wconf 87' lang='lat' dir='ltr'>dicte</span> <span class='ocrx_word' id='word_1_234' title='bbox 955 3259 1045 3314; x_wconf 84' lang='lat' dir='ltr'>parue</span> <span class='ocrx_word' id='word_1_235' title='bbox 1066 3242 1197 3316; x_wconf 88' lang='lat' dir='ltr'>pecunie.</span> 
     </span>
     <span class='ocr_line' id='line_1_28' title="bbox 391 3339 1498 3417; baseline -0.002 -17"><span class='ocrx_word' id='word_1_236' title='bbox 391 3341 466 3400; x_wconf 91' lang='lat' dir='ltr'>Item</span> <span class='ocrx_word' id='word_1_237' title='bbox 488 3361 546 3398; x_wconf 87' lang='lat' dir='ltr'>.xx.</span> <span class='ocrx_word' id='word_1_238' title='bbox 568 3341 620 3399; x_wconf 90' lang='lat' dir='ltr'>sol.</span> <span class='ocrx_word' id='word_1_239' title='bbox 642 3339 708 3415; x_wconf 82' lang='lat' dir='ltr'>.vin.</span> <span class='ocrx_word' id='word_1_240' title='bbox 730 3341 793 3398; x_wconf 88' lang='lat' dir='ltr'>den.</span> <span class='ocrx_word' id='word_1_241' title='bbox 816 3341 942 3417; x_wconf 86' lang='lat' dir='ltr'>sterling.</span> <span class='ocrx_word' id='word_1_242' title='bbox 964 3361 1016 3417; x_wconf 87' lang='lat' dir='ltr'>pro</span> <span class='ocrx_word' id='word_1_243' title='bbox 1038 3342 1103 3416; x_wconf 87' lang='lat' dir='ltr'>.viij.</span> <span class='ocrx_word' id='word_1_244' title='bbox 1126 3362 1214 3400; x_wconf 81' lang='lat' dir='ltr'>marc.</span> <span class='ocrx_word' id='word_1_245' title='bbox 1237 3360 1302 3401; x_wconf 91' lang='lat' dir='ltr'>cum</span> <span class='ocrx_word' id='word_1_246' title='bbox 1326 3340 1444 3398; x_wconf 82' lang='lat' dir='ltr'>dimidia</span> <span class='ocrx_word' id='word_1_247' title='bbox 1466 3349 1498 3398; x_wconf 91' lang='lat' dir='ltr'>et</span> 
     </span>
     <span class='ocr_line' id='line_1_29' title="bbox 308 3441 815 3518; baseline 0.006 -22"><span class='ocrx_word' id='word_1_248' title='bbox 308 3441 376 3517; x_wconf 85' lang='lat' dir='ltr'>.xxj.</span> <span class='ocrx_word' id='word_1_249' title='bbox 398 3444 462 3500; x_wconf 87' lang='lat' dir='ltr'>den.</span> <span class='ocrx_word' id='word_1_250' title='bbox 484 3442 560 3501; x_wconf 90' lang='lat' dir='ltr'>dicte</span> <span class='ocrx_word' id='word_1_251' title='bbox 582 3461 672 3518; x_wconf 88' lang='lat' dir='ltr'>perue</span> <span class='ocrx_word' id='word_1_252' title='bbox 693 3452 815 3501; x_wconf 87' lang='lat' dir='ltr'>monete.</span> 
     </span>
     <span class='ocr_line' id='line_1_30' title="bbox 392 3543 1494 3622; baseline -0.001 -21"><span class='ocrx_word' id='word_1_253' title='bbox 392 3544 466 3601; x_wconf 89' lang='lat' dir='ltr'>Item</span> <span class='ocrx_word' id='word_1_254' title='bbox 489 3544 546 3620; x_wconf 89' lang='lat' dir='ltr'>.iiij.</span> <span class='ocrx_word' id='word_1_255' title='bbox 569 3544 661 3616; x_wconf 63' lang='lat' dir='ltr'>solidi</span> <span class='ocrx_word' id='word_1_256' title='bbox 684 3553 713 3601; x_wconf 88' lang='lat' dir='ltr'>et</span> <span class='ocrx_word' id='word_1_257' title='bbox 734 3543 799 3619; x_wconf 88' lang='lat' dir='ltr'>.viij.</span> <span class='ocrx_word' id='word_1_258' title='bbox 822 3544 930 3621; x_wconf 83' lang='lat' dir='ltr'>denarij</span> <span class='ocrx_word' id='word_1_259' title='bbox 954 3546 1065 3622; x_wconf 66' lang='lat' dir='ltr'>argenti</span> <span class='ocrx_word' id='word_1_260' title='bbox 1087 3547 1124 3603; x_wconf 90' lang='lat' dir='ltr'>de</span> <span class='ocrx_word' id='word_1_261' title='bbox 1146 3546 1277 3602; x_wconf 87' lang='lat' dir='ltr'>Boemia.</span> <span class='ocrx_word' id='word_1_262' title='bbox 1299 3562 1351 3618; x_wconf 92' lang='lat' dir='ltr'>pro</span> <span class='ocrx_word' id='word_1_263' title='bbox 1371 3562 1405 3601; x_wconf 89' lang='lat' dir='ltr'>.v.</span> <span class='ocrx_word' id='word_1_264' title='bbox 1418 3561 1494 3600; x_wconf 82' lang='lat' dir='ltr'>mar-</span> 
     </span>
     <span class='ocr_line' id='line_1_31' title="bbox 310 3643 1282 3721; baseline 0.001 -19"><span class='ocrx_word' id='word_1_265' title='bbox 310 3645 378 3704; x_wconf 91' lang='lat' dir='ltr'>chis.</span> <span class='ocrx_word' id='word_1_266' title='bbox 401 3655 429 3702; x_wconf 90' lang='lat' dir='ltr'>et</span> <span class='ocrx_word' id='word_1_267' title='bbox 450 3645 497 3719; x_wconf 84' lang='lat' dir='ltr'>.vj.</span> <span class='ocrx_word' id='word_1_268' title='bbox 519 3664 559 3702; x_wconf 92' lang='lat' dir='ltr'>or.</span> <span class='ocrx_word' id='word_1_269' title='bbox 582 3665 647 3703; x_wconf 92' lang='lat' dir='ltr'>cum</span> <span class='ocrx_word' id='word_1_270' title='bbox 672 3644 742 3716; x_wconf 73' lang='lat' dir='ltr'>.iiiitr</span> <span class='ocrx_word' id='word_1_271' title='bbox 766 3643 890 3719; x_wconf 85' lang='lat' dir='ltr'>denarijs</span> <span class='ocrx_word' id='word_1_272' title='bbox 913 3665 1003 3721; x_wconf 82' lang='lat' dir='ltr'>perne</span> <span class='ocrx_word' id='word_1_273' title='bbox 1024 3657 1139 3704; x_wconf 88' lang='lat' dir='ltr'>monete</span> <span class='ocrx_word' id='word_1_274' title='bbox 1161 3645 1282 3704; x_wconf 86' lang='lat' dir='ltr'>Swecie.</span> 
     </span>
     <span class='ocr_line' id='line_1_32' title="bbox 392 3746 1494 3823; baseline 0.001 -19"><span class='ocrx_word' id='word_1_275' title='bbox 392 3747 467 3804; x_wconf 89' lang='lat' dir='ltr'>Item</span> <span class='ocrx_word' id='word_1_276' title='bbox 499 3746 528 3804; x_wconf 90' lang='lat' dir='ltr'>in</span> <span class='ocrx_word' id='word_1_277' title='bbox 561 3764 654 3822; x_wconf 83' lang='lat' dir='ltr'>parua</span> <span class='ocrx_word' id='word_1_278' title='bbox 685 3746 810 3821; x_wconf 83' lang='lat' dir='ltr'>pecunia</span> <span class='ocrx_word' id='word_1_279' title='bbox 842 3746 980 3822; x_wconf 86' lang='lat' dir='ltr'>.lxxxviij.</span> <span class='ocrx_word' id='word_1_280' title='bbox 1013 3767 1101 3806; x_wconf 90' lang='lat' dir='ltr'>mnrc.</span> <span class='ocrx_word' id='word_1_281' title='bbox 1135 3767 1201 3806; x_wconf 92' lang='lat' dir='ltr'>cum</span> <span class='ocrx_word' id='word_1_282' title='bbox 1233 3747 1351 3804; x_wconf 84' lang='lat' dir='ltr'>dimidia</span> <span class='ocrx_word' id='word_1_283' title='bbox 1381 3758 1410 3804; x_wconf 91' lang='lat' dir='ltr'>et</span> <span class='ocrx_word' id='word_1_284' title='bbox 1437 3746 1494 3823; x_wconf 89' lang='lat' dir='ltr'>.iiij.</span> 
     </span>
     <span class='ocr_line' id='line_1_33' title="bbox 309 3846 1049 3924; baseline 0.001 -19"><span class='ocrx_word' id='word_1_285' title='bbox 309 3849 407 3906; x_wconf 84' lang='lat' dir='ltr'>denar.</span> <span class='ocrx_word' id='word_1_286' title='bbox 430 3848 505 3906; x_wconf 85' lang='lat' dir='ltr'>dIcte</span> <span class='ocrx_word' id='word_1_287' title='bbox 526 3867 617 3924; x_wconf 88' lang='lat' dir='ltr'>parue</span> <span class='ocrx_word' id='word_1_288' title='bbox 639 3856 753 3904; x_wconf 89' lang='lat' dir='ltr'>monete</span> <span class='ocrx_word' id='word_1_289' title='bbox 775 3846 867 3907; x_wconf 87' lang='lat' dir='ltr'>Swec.</span> <span class='ocrx_word' id='word_1_290' title='bbox 891 3858 1049 3906; x_wconf 80' lang='lat' dir='ltr'>numerata.</span> 
     </span>
     <span class='ocr_line' id='line_1_34' title="bbox 393 3949 1496 4026; baseline 0.002 -20"><span class='ocrx_word' id='word_1_291' title='bbox 393 3949 468 4007; x_wconf 93' lang='lat' dir='ltr'>Item</span> <span class='ocrx_word' id='word_1_292' title='bbox 489 3949 534 4024; x_wconf 85' lang='lat' dir='ltr'>.vj.</span> <span class='ocrx_word' id='word_1_293' title='bbox 557 3969 597 4008; x_wconf 88' lang='lat' dir='ltr'>or.</span> <span class='ocrx_word' id='word_1_294' title='bbox 619 3949 736 4024; x_wconf 81' lang='lat' dir='ltr'>antique</span> <span class='ocrx_word' id='word_1_295' title='bbox 758 3957 872 4007; x_wconf 89' lang='lat' dir='ltr'>monete</span> <span class='ocrx_word' id='word_1_296' title='bbox 895 3950 1017 4009; x_wconf 88' lang='lat' dir='ltr'>chcie.</span> <span class='ocrx_word' id='word_1_297' title='bbox 1038 3969 1095 4026; x_wconf 89' lang='lat' dir='ltr'>que</span> <span class='ocrx_word' id='word_1_298' title='bbox 1116 3951 1232 4008; x_wconf 84' lang='lat' dir='ltr'>fuerunt</span> <span class='ocrx_word' id='word_1_299' title='bbox 1252 3950 1371 4015; x_wconf 59' lang='lat' dir='ltr'>iuuenta</span> <span class='ocrx_word' id='word_1_300' title='bbox 1399 3960 1496 4026; x_wconf 89' lang='lat' dir='ltr'>preter</span> 
     </span>
     <span class='ocr_line' id='line_1_35' title="bbox 309 4050 586 4110; baseline 0 -2"><span class='ocrx_word' id='word_1_301' title='bbox 309 4050 414 4109; x_wconf 80' lang='lat' dir='ltr'>dictem</span> <span class='ocrx_word' id='word_1_302' title='bbox 435 4069 586 4110; x_wconf 85' lang='lat' dir='ltr'>summam.</span> 
     </span>
     <span class='ocr_line' id='line_1_36' title="bbox 789 4167 1494 4247; baseline 0.003 -21"><span class='ocrx_word' id='word_1_303' title='bbox 789 4167 825 4243; x_wconf 88' lang='lat' dir='ltr'>.ij.</span> <span class='ocrx_word' id='word_1_304' title='bbox 847 4173 964 4229; x_wconf 87' lang='lat' dir='ltr'>marche</span> <span class='ocrx_word' id='word_1_305' title='bbox 985 4190 1050 4228; x_wconf 86' lang='lat' dir='ltr'>cum</span> <span class='ocrx_word' id='word_1_306' title='bbox 1073 4169 1190 4226; x_wconf 86' lang='lat' dir='ltr'>dimidia</span> <span class='ocrx_word' id='word_1_307' title='bbox 1211 4170 1296 4228; x_wconf 85' lang='lat' dir='ltr'>vncia</span> <span class='ocrx_word' id='word_1_308' title='bbox 1318 4169 1438 4247; x_wconf 81' lang='lat' dir='ltr'>argentj.</span> <span class='ocrx_word' id='word_1_309' title='bbox 1457 4171 1494 4228; x_wconf 83' lang='lat' dir='ltr'>ad</span> 
     </span>
     <span class='ocr_line' id='line_1_37' title="bbox 830 4254 1188 4329; baseline -0.006 -17"><span class='ocrx_word' id='word_1_310' title='bbox 830 4257 943 4329; x_wconf 89' lang='lat' dir='ltr'>pondus</span> <span class='ocrx_word' id='word_1_311' title='bbox 965 4257 1001 4313; x_wconf 90' lang='lat' dir='ltr'>de</span> <span class='ocrx_word' id='word_1_312' title='bbox 1023 4254 1188 4314; x_wconf 79' lang='lat' dir='ltr'>StocolmIs.</span> 
     </span>
     <span class='ocr_line' id='line_1_38' title="bbox 495 4338 1458 4443; baseline 0.005 -50"><span class='ocrx_word' id='word_1_313' title='bbox 495 4382 515 4443; x_wconf 76' lang='lat' dir='ltr'>S</span> <span class='ocrx_word' id='word_1_314' title='bbox 696 4380 703 4393; x_wconf 95' lang='lat'>.</span> <span class='ocrx_word' id='word_1_315' title='bbox 789 4338 866 4416; x_wconf 89' lang='lat' dir='ltr'>.xiiij.</span> <span class='ocrx_word' id='word_1_316' title='bbox 889 4341 941 4398; x_wconf 87' lang='lat' dir='ltr'>sol.</span> <span class='ocrx_word' id='word_1_317' title='bbox 963 4341 999 4416; x_wconf 86' lang='lat' dir='ltr'>.ij.</span> <span class='ocrx_word' id='word_1_318' title='bbox 1022 4341 1086 4415; x_wconf 83' lang='lat' dir='ltr'>den.</span> <span class='ocrx_word' id='word_1_319' title='bbox 1108 4340 1185 4396; x_wconf 86' lang='lat' dir='ltr'>obul.</span> <span class='ocrx_word' id='word_1_320' title='bbox 1205 4339 1315 4398; x_wconf 83' lang='lat' dir='ltr'>Turon.</span> <span class='ocrx_word' id='word_1_321' title='bbox 1338 4339 1458 4416; x_wconf 81' lang='lat' dir='ltr'>argentj.</span> 
     </span>
     <span class='ocr_line' id='line_1_39' title="bbox 517 4399 1321 4500; baseline 0.002 -20"><span class='ocrx_word' id='word_1_322' title='bbox 517 4400 614 4440; x_wconf 60' lang='lat' dir='ltr'><strong>”mma</strong></span> <span class='ocrx_word' id='word_1_323' title='bbox 636 4399 741 4456; x_wconf 64' lang='lat' dir='ltr'>pagme</span> <span class='ocrx_word' id='word_1_324' title='bbox 789 4443 845 4480; x_wconf 87' lang='lat' dir='ltr'>.xx.</span> <span class='ocrx_word' id='word_1_325' title='bbox 868 4425 920 4484; x_wconf 89' lang='lat' dir='ltr'>sol.</span> <span class='ocrx_word' id='word_1_326' title='bbox 942 4425 1001 4500; x_wconf 90' lang='lat' dir='ltr'>viij.</span> <span class='ocrx_word' id='word_1_327' title='bbox 1024 4422 1088 4483; x_wconf 79' lang='lat' dir='ltr'>den.</span> <span class='ocrx_word' id='word_1_328' title='bbox 1110 4423 1321 4500; x_wconf 86' lang='lat' dir='ltr'>sterlingorum.</span> 
     </span>
     <span class='ocr_line' id='line_1_40' title="bbox 547 4484 1425 4584; baseline 0 -19"><span class='ocrx_word' id='word_1_329' title='bbox 547 4487 600 4543; x_wconf 65' lang='lat' dir='ltr'>pm</span> <span class='ocrx_word' id='word_1_330' title='bbox 625 4484 740 4523; x_wconf 61' lang='lat' dir='ltr'>camera</span> <span class='ocrx_word' id='word_1_331' title='bbox 789 4509 846 4566; x_wconf 90' lang='lat' dir='ltr'>.iiii.</span> <span class='ocrx_word' id='word_1_332' title='bbox 868 4510 920 4568; x_wconf 92' lang='lat' dir='ltr'>sol.</span> <span class='ocrx_word' id='word_1_333' title='bbox 942 4510 999 4584; x_wconf 86' lang='lat' dir='ltr'>viij.</span> <span class='ocrx_word' id='word_1_334' title='bbox 1021 4511 1085 4568; x_wconf 89' lang='lat' dir='ltr'>den.</span> <span class='ocrx_word' id='word_1_335' title='bbox 1107 4509 1218 4584; x_wconf 83' lang='lat' dir='ltr'>argenti</span> <span class='ocrx_word' id='word_1_336' title='bbox 1233 4510 1275 4566; x_wconf 40' lang='lat' dir='ltr'>*de</span> <span class='ocrx_word' id='word_1_337' title='bbox 1296 4508 1425 4567; x_wconf 86' lang='lat' dir='ltr'>Boemia.</span> 
     </span>
    </p>
   </div>
   <div class='ocr_carea' id='block_1_4' title="bbox 789 4588 1494 4755">
    <p class='ocr_par' dir='ltr' id='par_1_4' title="bbox 789 4588 1494 4755">
     <span class='ocr_line' id='line_1_41' title="bbox 789 4588 1494 4670; baseline 0.003 -20"><span class='ocrx_word' id='word_1_338' title='bbox 789 4594 928 4669; x_wconf 86' lang='lat' dir='ltr'>.lxxxviij.</span> <span class='ocrx_word' id='word_1_339' title='bbox 949 4595 1065 4652; x_wconf 82' lang='lat' dir='ltr'>marche</span> <span class='ocrx_word' id='word_1_340' title='bbox 1086 4593 1142 4668; x_wconf 82' lang='lat' dir='ltr'>.vij.</span> <span class='ocrx_word' id='word_1_341' title='bbox 1166 4594 1249 4652; x_wconf 89' lang='lat' dir='ltr'>vncie</span> <span class='ocrx_word' id='word_1_342' title='bbox 1276 4593 1333 4670; x_wconf 85' lang='lat' dir='ltr'>.iiij.</span> <span class='ocrx_word' id='word_1_343' title='bbox 1367 4595 1432 4652; x_wconf 87' lang='lat' dir='ltr'>den.</span> <span class='ocrx_word' id='word_1_344' title='bbox 1465 4588 1494 4652; x_wconf 83' lang='lat' dir='ltr'>in</span> 
     </span>
     <span class='ocr_line' id='line_1_42' title="bbox 830 4679 1078 4755; baseline -0.004 -19"><span class='ocrx_word' id='word_1_345' title='bbox 830 4698 924 4755; x_wconf 85' lang='lat' dir='ltr'>parua</span> <span class='ocrx_word' id='word_1_346' title='bbox 945 4679 1078 4755; x_wconf 83' lang='lat' dir='ltr'>pecunia.</span> 
     </span>
    </p>
   </div>
   <div class='ocr_carea' id='block_1_5' title="bbox 311 4418 376 4500">
    <p class='ocr_par' dir='ltr' id='par_1_5' title="bbox 311 4418 376 4500">
     <span class='ocr_line' id='line_1_43' title="bbox 311 4418 376 4500; baseline 0.015 -4"><span class='ocrx_word' id='word_1_347' title='bbox 311 4418 376 4500; x_wconf 72' lang='lat' dir='ltr'>[m]</span> 
     </span>
    </p>
   </div>
   <div class='ocr_carea' id='block_1_6' title="bbox 347 4805 1347 4883">
    <p class='ocr_par' dir='ltr' id='par_1_6' title="bbox 347 4805 1347 4883">
     <span class='ocr_line' id='line_1_44' title="bbox 347 4805 1347 4883; baseline -0.004 -20"><span class='ocrx_word' id='word_1_348' title='bbox 347 4805 355 4836; x_wconf 88' lang='lat'>¹</span> <span class='ocrx_word' id='word_1_349' title='bbox 373 4811 450 4863; x_wconf 88' lang='lat' dir='ltr'>Dette</span> <span class='ocrx_word' id='word_1_350' title='bbox 468 4810 544 4872; x_wconf 75' lang='lat' dir='ltr'>Kone,</span> <span class='ocrx_word' id='word_1_351' title='bbox 562 4810 705 4860; x_wconf 79' lang='lat' dir='ltr'>suavelsom</span> <span class='ocrx_word' id='word_1_352' title='bbox 722 4810 766 4858; x_wconf 89' lang='lat' dir='ltr'>det</span> <span class='ocrx_word' id='word_1_353' title='bbox 782 4809 915 4883; x_wconf 56' lang='lat' dir='ltr'>uedenicn</span> <span class='ocrx_word' id='word_1_354' title='bbox 931 4811 1012 4860; x_wconf 86' lang='lat' dir='ltr'>findes</span> <span class='ocrx_word' id='word_1_355' title='bbox 1030 4810 1145 4860; x_wconf 79' lang='lat' dir='ltr'>sealedes</span> <span class='ocrx_word' id='word_1_356' title='bbox 1163 4812 1171 4860; x_wconf 95' lang='lat' dir='ltr'>i</span> <span class='ocrx_word' id='word_1_357' title='bbox 1189 4809 1347 4873; x_wconf 80' lang='lat' dir='ltr'>Originelen.</span> 
     </span>
    </p>
   </div>
   <div class='ocr_carea' id='block_1_7' title="bbox 0 0 1796 5625">
    <p class='ocr_par' dir='ltr' id='par_1_7' title="bbox 0 0 1796 5625">
     <span class='ocr_line' id='line_1_45' title="bbox 0 0 1796 5625; baseline 0 5"><span class='ocrx_word' id='word_1_358' title='bbox 0 0 1796 5625; x_wconf 95' lang='lat' dir='ltr'> </span> 
     </span>
    </p>
   </div>
  </div>
 </body>
</html>
