3584 5625
950 429 989 487 26

461 613 550 672 Anno
572 610 688 672 domino
711 611 860 672 millesimo
882 620 956 673 .cec‘.
977 614 1071 694 xxvijt
1093 625 1122 676 ct
1134 614 1249 692 .rij.die
1264 616 1369 676 mensis
1384 616 1570 693 Septembris

377 713 539 790 recepimus
557 714 645 773 irater
660 715 805 773 Iohannes
821 715 857 772 de
876 714 995 789 Serone,
1006 725 1036 775 at
1046 737 1101 794 ego
1113 718 1147 775 B.
1159 718 1195 776 de
1206 717 1315 778 Ortolis
1326 738 1344 776 a
1355 719 1413 777 dr‘ro
1425 719 1569 796 episcopo

378 814 537 875 Orcadensi
560 815 667 890 .xqu'.
690 834 802 875 marcas
822 816 1027 894 sterlingorum
1049 819 1087 875 ad
1114 819 1229 895 pondus
1256 819 1446 879 Noricanum.
1489 821 1570 879 Item

378 917 478 975 eadem
491 918 537 975 die
548 917 635 976 soluit
653 916 781 994 prelatus
800 917 853 976 diis
871 918 1026 995 episcopus
1041 918 1216 979 Orcadensis
1234 920 1344 996 .xxxvj.
1363 940 1476 980 mareas
1490 931 1568 981 ster-

377 1019 521 1095 lingorum
533 1019 569 1078 de
582 1019 660 1077 dicta
672 1018 786 1078 decima
798 1019 856 1077 diro
867 1019 1086 1097 archiepiscopo
1097 1022 1285 1080 Nidrosiensi.
1295 1042 1349 1099 pro
1360 1031 1443 1098 parte
1451 1023 1567 1082 contin·

377 1127 462 1195 gente
485 1120 542 1178 dfio
565 1120 627 1196 regi
648 1120 814 1196 Norwegie.
827 1150 869 1159 -
880 1140 933 1196 pro
952 1131 1035 1197 parte
1055 1122 1103 1196 dr‘rj
1119 1142 1195 1199 pape
1212 1122 1313 1197 xxxn‘.
1330 1142 1417 1183 marc.
1435 1124 1567 1201 sterling.

1109 1273 1216 1349 .cxiiij.
1237 1274 1299 1332 flor.
1322 1274 1393 1350 aurj.

463 1356 582 1447 Summa
598 1358 703 1433 pagine
720 1359 756 1417 de
766 1358 891 1434 receptis
902 1377 955 1434 pro
968 1378 1083 1418 camera
1108 1358 1165 1434 iiij.
1187 1360 1297 1418 Turon.
1318 1359 1439 1437 argentj.

1109 1444 1566 1521 .xxxvjmarcsterlingnrgentj.

461 1609 621 1668 Residuum
642 1629 712 1668 vero
734 1611 813 1688 quod
840 1613 969 1670 restabat
1000 1612 1038 1669 ad
1070 1611 1241 1671 soluendum
1272 1613 1308 1670 de
1341 1614 1418 1673 dicta
1451 1612 1566 1672 decima

378 1710 562 1787 episcopatus
574 1711 756 1772 Orcadensis.
779 1713 857 1788 quod
879 1721 923 1770 est
934 1713 1080 1787 clxxxiiij.
1092 1715 1208 1773 marche
1224 1714 1435 1790 sterlingorum.
1456 1716 1565 1791 promi·

377 1813 414 1871 sit
435 1813 549 1870 soluere
571 1812 698 1888 prelatus
720 1814 774 1871 dns
796 1814 949 1890 episcopus
972 1815 1157 1875 Orcadensis.
1200 1815 1305 1891 Bergis
1317 1816 1347 1874 in
1365 1816 1437 1875 festo
1453 1816 1565 1876 Iohan-

378 1914 422 1972 nis
443 1914 568 1973 babtiste
590 1924 619 1972 ct
639 1923 736 1973 cetera
761 1915 877 1991 proprie
899 1915 1039 1991 sequenti.
1063 1925 1092 1973 et
1113 1936 1144 1975 se
1165 1925 1193 1974 et
1215 1918 1293 1974 bona
1313 1917 1357 1974 sui
1380 1919 1567 1994 episcopatus

378 2034 492 2073 camere
514 2016 564 2073 diri
585 2035 660 2093 pape
681 2015 828 2092 obligauit.
871 2017 918 2074 De
941 2036 999 2092 quo
1021 2018 1107 2100 debet
1123 2018 1229 2075 habere
1246 2037 1362 2077 camera
1380 2019 1566 2079 medietatem

373 2116 512 2176 videlicet
537 2145 570 2155 -
596 2118 717 2193 lxxxxij.
739 2119 871 2176 marchas
891 2118 1104 2193 sterlingorum.
1245 2124 1247 2127 '

290 2316 374 2357 Μ’·
546 2320 666 2381 Summa
686 2321 870 2381 Summarum
891 2320 985 2379 tocius
1006 2321 1136 2395 Recepta
1158 2321 1194 2378 de
1217 2321 1329 2380 decima
1349 2323 1500 2382 sexennali
1534 2324 1566 2383 in

461 2440 551 2498 regno
573 2422 738 2498 Norwegie.
762 2442 815 2499 per
836 2442 888 2482 nos
910 2421 1027 2480 fratrom
1047 2422 1212 2481 Johannem
1235 2423 1271 2481 de
1293 2422 1403 2483 Serone
1426 2430 1455 2481 et
1471 2424 1506 2482 B.
1529 2425 1567 2484 de

462 2521 572 2583 Ortolis
594 2533 645 2583 est.

527 2726 617 2802 .cliiij.
637 2727 699 2785 flor.
721 2726 793 2803 auri.

528 2827 575 2903 .iij.
597 2847 662 2888 vno.
681 2849 755 2888 cum.
779 2829 898 2887 dimidia
919 2829 991 2905 auri.

529 2930 585 3005 iiij.
606 2932 672 2989 den.
696 2932 767 2989 Tur.
789 2930 911 3005 argentj.

529 3031 607 3106 .xcij.
629 3032 694 3090 libr.
716 3033 776 3108 xiij.
796 3031 848 3090 sol.
868 3031 895 3106 ij.
918 3031 983 3091 den.
1005 3032 1132 3108 sterling.
1154 3032 1275 3109 argentj.

547 3234 667 3295 Summa
689 3234 853 3294 debitorum
874 3235 950 3293 dicte
973 3236 1083 3294 decime
1105 3237 1134 3294 in
1156 3236 1233 3294 dicto
1255 3253 1345 3311 regno
1369 3234 1535 3309 Norwegie.

621 3330 686 3415 [pro
707 3331 812 3397 calcem
832 3339 883 3395 dni
897 3358 973 3414 pape
994 3332 1062 3411 est]¹

556 3439 609 3515 iiij
630 3434 760 3516 lxx[cmj.
782 3459 862 3499 mmo.
882 3433 923 3512 vi]
947 3458 1011 3497 vnc.
1034 3432 1107 3511 [cam
1128 3440 1220 3497 dimid.
1244 3430 1445 3514 pcruernoaete]

434 3483 465 3564 [a
487 3483 507 3563 ]
557 3542 682 3618 lxxxxij.
702 3562 790 3601 marc.
809 3542 936 3618 sterling.
958 3541 1078 3617 argentj.

278 3796 310 3835 m.
326 3796 344 3840 a.
358 3797 376 3835 r.
425 3760 430 3769 '
800 3773 912 3847 [Arcena
930 3774 965 3825 aa
981 3772 1149 3837 aarum}

463 3884 550 3940 Anno
574 3883 621 3958 dnj
642 3882 793 3941 millesimo
816 3890 880 3941 cccl
902 3881 996 3959 xxvijt
1018 3893 1047 3941 et
1066 3881 1190 3958 septima
1209 3881 1255 3939 die
1266 3881 1372 3938 mensis
1390 3879 1568 3958 Septembris

377 3986 538 4062 recepimus
560 4005 611 4044 nos
632 3986 719 4043 irater
747 3986 892 4045 Iohannes
914 3987 950 4044 de
972 3986 1081 4046 Serone
1114 3994 1142 4043 et
1174 3984 1208 4043 B.
1242 3985 1278 4042 de
1307 3984 1416 4044 Ortolis
1449 4004 1475 4042 .a
1508 3984 1567 4040 dno

282 4144 285 4149 .
378 4087 686 4165 episcopoOrcadcnsi
703 4087 822 4162 .lxxviij.
845 4107 957 4146 marcas
972 4086 1178 4164 'sterlingorum
1196 4087 1372 4162 ponderatas
1394 4087 1431 4144 ad
1453 4087 1567 4162 pondus

378 4187 567 4251 Noricanum.
590 4191 626 4249 da
648 4189 859 4266 quinquaginta
880 4189 973 4249 tribus
1002 4188 1125 4247 marchis
1158 4189 1368 4263 sterlingorum.
1401 4191 1431 4246 in
1464 4189 1569 4265 quibus

378 4292 562 4353 restituendis
584 4311 697 4351 camere
720 4291 768 4366 ‹luj
790 4307 866 4368 pape
888 4290 1017 4367 prelatus
1040 4293 1194 4369 episcopus
1217 4290 1392 4351 Orcadensis
1415 4310 1467 4366 per
1499 4289 1567 4346 dnm

380 4396 507 4454 Elauum
530 4394 780 4470 archiepiscopum
790 4393 1009 4452 Nidrosiensem
1030 4391 1243 4453 sentencialiter
1263 4392 1397 4450 extiterat
1412 4393 1568 4466 condemp-

379 4508 473 4556 natus.
508 4514 601 4554 exeo
634 4495 777 4554 videlicet.
800 4497 878 4572 quod
901 4496 995 4555 dictus
1017 4495 1170 4571 episcopus
1193 4493 1368 4584 Orcadensis
1390 4494 1426 4551 de
1449 4493 1567 4569 quibus·

420 4641 599 4709 ¹Oprindelig
616 4645 663 4693 har
680 4645 725 4694 der
741 4645 794 4694 kun
817 4651 901 4694 staaet
919 4645 1040 4707 „Summa
1058 4644 1202 4712 debitorum
1229 4645 1296 4693 dicte
1322 4643 1419 4692 decime
1445 4643 1472 4691 in
1498 4641 1567 4689 dicto

448 4744 527 4792 regno
544 4728 679 4791 Norwegie
692 4724 753 4792 est,“
763 4743 822 4778 men
835 4723 905 4790 „est“
915 4744 943 4779 er
960 4735 1124 4792 overstreget,
1135 4743 1170 4791 og
1187 4729 1237 4779 den
1254 4729 1337 4778 andan
1354 4726 1447 4776 Haand
1463 4726 1511 4776 har
1528 4725 1570 4774 til·

448 4814 514 4878 sajet
531 4829 593 4878 „pro
611 4826 712 4863 camera
729 4812 774 4862 dni
791 4827 856 4877 pape
874 4808 937 4864 est.“
