3584 5625
859 514 916 573 161

299 698 335 749 eis
351 698 379 748 in
396 697 512 761 personis
529 696 571 747 uel
588 696 662 746 bonis
680 696 824 747 molestiam
841 695 964 759 inieratis,
990 699 1051 762 quin
1077 700 1155 749 immo
1182 700 1213 747 do
1242 714 1332 749 securo
1359 700 1485 750 conductu

298 784 382 834 enndo
399 782 524 833 morando
541 789 568 832 ot
583 782 714 831 redeundo
731 781 887 845 prouidentia
905 783 1009 843 eisdem,
1025 783 1091 833 sicut
1107 783 1184 833 iuorit
1195 791 1358 849 oportunum,
1370 786 1408 834 ita
1419 786 1485 849 qnod

298 883 346 919 nos
363 867 508 920 denotionis
530 874 615 916 uestra
637 866 865 931 promptitudinem
890 869 1069 919 commendare
1096 870 1186 918 merito
1213 869 1353 920 ualeamus.
1387 870 1485 920 Datum

298 954 378 1004 Rome
396 954 464 1018 epod
482 958 597 1003 sanctem
609 951 731 1002 Sabinam
747 966 827 1002 nonas
845 950 997 1003 Nouembris
1015 953 1181 1017 pontificatus
1198 956 1279 1003 nostri
1305 969 1371 1005 anno
1395 955 1484 1019 primo.

642 1034 709 1081 (erut.
724 1036 764 1076 i'at.
779 1036 823 1083 lieg.
839 1037 908 1075 lionor.
921 1036 953 1074 iv.
966 1045 997 1075 sn.
1011 1037 1025 1075 l.
1040 1046 1071 1084 ap.
1084 1034 1138 1083 tta).

539 1235 542 1244 Ι
642 1262 692 1324 89.
737 1258 825 1321 1285.
869 1260 947 1334 dide
968 1260 1145 1340 November.

366 1376 497 1428 Honorius
514 1376 650 1441 episeopus
667 1390 725 1426 as.
744 1377 768 1427 d.
787 1376 882 1426 dilecto
898 1376 951 1426 lilio
968 1376 1102 1441 Vgsitioni
1128 1376 1238 1440 plebano
1263 1378 1345 1442 plebis
1374 1379 1405 1428 de
1434 1376 1485 1429 Oe·

294 1460 538 1520 stellione-Aretissa
556 1462 673 1521 «timuis,
687 1460 823 1524 eepelisuo
841 1467 940 1520 nostro,-
955 1460 1090 1511 collectori
1104 1462 1203 1513 decime
1220 1470 1287 1513 tono
1311 1470 1412 1514 nucu.
1426 1478 1485 1514 oca·
1533 1494 1534 1497 =
1633 1461 1641 1476 '

298 1557 369 1598 coeto
386 1546 499 1602 canidio
516 1546 543 1596 ln
565 1561 645 1610 ragno
668 1544 794 1610 Noraeye
823 1546 976 1595 auctoritato
992 1545 1149 1611 apostolice
1177 1548 1326 1598 constituto.
1356 1547 1432 1598 salut.
1458 1556 1486 1597 et

298 1640 385 1697 apost.-
397 1632 522 1682 benodict
562 1632 630 1683 Olim
647 1631 729 1683 felicis
746 1630 931 1681 recordationis
948 1628 1089 1693 Gregorius
1105 1645 1174 1695 popa
1190 1632 1304 1683 decimus
1321 1633 1485 1697 prodecessor

298 1724 387 1767 noster
409 1718 443 1768 do
469 1716 621 1768 discretione
651 1717 718 1768 bone
749 1717 870 1767 memoria
901 1751 909 1765 .
937 1749 944 1762 .
975 1713 1147 1765 Nidroeiensie
1177 1716 1362 1783 archiepiscopi
1392 1733 1483 1781 goram

297 1802 413 1853 iidntiam
430 1801 576 1867 specialem,
593 1802 770 1852 collectionem
789 1801 886 1851 decime
903 1808 969 1849 tarro
986 1808 1074 1850 sancte
1100 1801 1213 1851 subsidio
1240 1803 1369 1867 depntste,
1387 1801 1414 1852 in
1431 1816 1485 1853 orn.

298 1887 371 1936 nibus
387 1886 503 1951 portibus
520 1886 592 1950 regni
608 1885 733 1951 Norwoye
750 1887 798 1936 sibi
814 1901 861 1951 per
877 1900 937 1936 snas
955 1885 1002 1934 sub
1019 1892 1090 1948 corte
1106 1883 1189 1935 forme
1206 1887 1280 1937 duxit
1300 1886 1400 1936 litteras
1417 1902 1485 1937 com·

297 1971 455 2021 mittendam.
491 1970 557 2022 Oum
575 1980 661 2022 autom
677 1986 725 2021 nos
743 1973 769 2021 in
786 1972 889 2034 negotio
907 1970 1053 2019 huiusmodi
1076 1969 1173 2020 docimo
1198 1973 1223 2020 in
1250 1971 1346 2022 eisdem
1371 1973 1485 2035 pertibus

298 2056 440 2119 colligendo
457 2063 483 2106 te
500 2056 600 2122 preisto
618 2057 811 2121 archiepiscopo
829 2056 982 2106 auctoritato
994 2054 1136 2119 apostolica
1143 2056 1321 2119 subrogantes,
1330 2072 1376 2122 per
1384 2065 1485 2107 nostras

298 2141 343 2190 tibi
360 2141 449 2191 domus
467 2142 565 2191 litterae
580 2142 609 2191 in
626 2142 762 2200 mandatis,
781 2148 810 2190 nt
827 2141 860 2190 sd
877 2149 963 2205 partes
979 2142 1048 2204 ipsas
1067 2148 1092 2189 te
1111 2141 1278 2204 personaliter
1300 2141 1441 2203 conferens,
1459 2143 1485 2192 in

297 2227 387 2275 eodem
405 2227 510 2289 nogotio
526 2227 600 2276 iuxta
618 2236 730 2277 tenorem
757 2226 899 2276 litterarum
925 2226 986 2275 dicti
1012 2225 1198 2289 predecessoris
1225 2242 1301 2290 super
1326 2228 1375 2276 hoc
1404 2228 1485 2277 eidam

297 2301 490 2376 archiepiscopo
508 2313 668 2373 directarum,
686 2312 824 2374 procedere
841 2312 947 2361 studeas
972 2311 1114 2373 diligenter,
1132 2312 1164 2360 ad
1193 2312 1386 2361 instructionem
1415 2321 1485 2362 tuem

297 2404 412 2452 tenorem
428 2395 570 2446 litterarum
588 2397 699 2460 ipsarum
717 2397 748 2446 da
766 2402 881 2458 regestro
899 2396 1013 2445 eiusdem
1024 2396 1210 2460 predecessoris
1222 2404 1351 2460 sumptum
1362 2398 1394 2446 de
1407 2398 1485 2448 uerbo

297 2482 329 2530 ad
346 2480 454 2530 uorbum
471 2481 629 2545 presentibus
652 2480 759 2531 iacimus
777 2481 902 2541 annotari,
921 2481 963 2543 qui
989 2481 1047 2530 telis
1072 2489 1118 2530 est.
1141 2503 1172 2512 -
1193 2479 1332 2544 Gregorius
1349 2482 1485 2549 episcopus

296 2580 386 2615 seruus
403 2580 536 2615 seruorum
553 2567 594 2615 dai
611 2565 747 2615 venerabili
766 2564 838 2615 fratri
862 2601 869 2614 .
894 2601 900 2613 .
925 2566 1116 2629 archiepiscopo
1142 2563 1299 2615 Nidrosiensi
1324 2568 1434 2619 salutent
1459 2576 1486 2618 et

296 2650 467 2715 apostolicam
479 2651 689 2701 benedictionem.
725 2647 829 2710 Quanto
847 2651 1000 2700 extimemus
1017 2649 1147 2713 negotium
1166 2658 1231 2700 torre
1249 2659 1337 2701 sancto
1354 2647 1405 2713 [etc.
1417 2660 1444 2702 ut
1460 2652 1486 2702 in

296 2745 402 2801 mgestro
416 2734 524 2800 predicti
535 2733 715 2799 predecessoris
731 2730 814 2798 resque}
831 2734 930 2785 Datum
953 2734 1073 2798 Lugduni
1090 2734 1144 2797 .xiJ'.
1162 2734 1214 2785 kal.
1232 2734 1361 2787 Octobris.
1396 2737 1485 2788 Ponti-

295 2823 387 2873 iioatus
404 2817 485 2872 nostri
502 2836 569 2872 enno
588 2820 672 2872 tortio.
683 2843 713 2853 -
729 2819 826 2870 Datum
843 2820 926 2870 Romo
943 2821 1012 2885 epnd
1029 2827 1145 2871 sanctam
1162 2820 1286 2872 Sabinam
1303 2839 1338 2873 .x.
1356 2823 1408 2874 kal.
1427 2823 1484 2875 Do·

295 2906 411 2958 cambris.
446 2906 615 2958 Pontificatus
632 2906 711 2956 nostri
730 2919 798 2956 euno
815 2907 907 2969 primo.

586 3041 589 3047 ⁵
639 2988 707 3038 (Arois.
724 2989 766 3030 Vct.
780 2989 827 3036 aeg.
842 2990 911 3029 Honor.
925 2990 956 3030 iv.
970 3000 1002 3030 ss.
1015 2990 1028 3029 l.
1043 2985 1139 3039 spilli.

643 3182 692 3241 40.
739 3181 827 3266 1235.
872 3183 950 3241 ilde
970 3181 1146 3242 November.

364 3298 493 3349 Honorius
511 3299 646 3364 episcopus
663 3313 683 3347 s.
701 3312 722 3347 s.
741 3296 765 3347 d.
784 3298 878 3348 dilecto
896 3297 949 3348 filio
961 3297 1097 3362 Vguitioni
1114 3295 1224 3362 plebano
1242 3297 1324 3362 plebis
1343 3298 1485 3369 devOestel-

295 3385 363 3435 lione
382 3383 488 3434 Aretino
505 3384 621 3445 diocesis,
639 3383 772 3447 capellano
797 3390 894 3444 nostre,
913 3381 1044 3432 collectori
1063 3383 1158 3432 decime
1177 3390 1243 3432 torro
1260 3391 1347 3433 sancta
1365 3370 1485 3436 concesse
1522 3375 1528 3390 ⁸

296 3469 410 3520 subsidio
428 3470 455 3518 in
472 3483 552 3532 regno
569 3467 694 3532 Norweye
711 3469 865 3518 anctoritate
894 3466 1038 3531 apostolica
1066 3469 1214 3518 constituto.
1241 3468 1318 3518 salut.
1348 3479 1374 3517 et
1402 3479 1485 3535 apost.

295 3555 421 3605 benedict.
457 3553 526 3605 Olim
542 3551 623 3602 felicis
641 3554 824 3605 recordationis
842 3551 982 3616 Gregorius
999 3567 1067 3617 papa
1085 3553 1197 3602 decimus
1215 3554 1379 3618 predecessor
1395 3561 1484 3604 noster

297 3635 351 3702 [etc.
367 3649 393 3689 at
410 3641 435 3689 in
447 3638 563 3703 proxima
579 3637 701 3701 superiori
715 3633 801 3701 aspre]
821 3637 854 3687 ad
871 3636 1064 3687 instructionem
1088 3646 1157 3688 tuam
1184 3647 1300 3690 tenorem
1326 3640 1486 3702 quarundam

295 3726 438 3776 litterarum
456 3726 516 3775 dicti
538 3722 723 3791 predecessoris
740 3723 913 3774 continentem
941 3723 1127 3773 declarationes
1155 3725 1278 3786 quasdam
1306 3739 1353 3790 pso
1378 3725 1485 3792 nogotio

296 3811 394 3862 decime
412 3810 479 3861 dicte
497 3817 562 3860 terro
580 3809 662 3859 eidem
679 3809 870 3873 archiepiscopo
889 3808 1042 3858 directarum
1061 3808 1092 3858 de
1116 3817 1230 3872 segestro
1253 3809 1333 3876 ipsius
1351 3810 1485 3875 predeces-

297 3896 360 3947 soris
378 3902 508 3959 sumptum
525 3897 556 3945 do
574 3894 652 3944 uerbo
670 3894 703 3942 ed
718 3893 824 3945 uerbum
841 3893 1002 3959 presentibus
1011 3892 1117 3943 fecimus
1128 3895 1253 3954 annotari,
1263 3896 1306 3960 qui
1320 3894 1379 3944 talis
1394 3902 1442 3944 est.
1452 3917 1485 3926 —

297 3981 436 4046 Gregorius
455 3980 531 4044 episc.
550 3994 639 4029 seruus
659 3992 754 4029 seruos.
778 3979 819 4030 dai
840 3980 957 4051 venerab.
975 3979 1047 4030 iratri
1065 4016 1071 4029 .
1090 4015 1096 4028 .
1115 3979 1307 4044 archiepiscopo
1325 3978 1486 4030 Nidrosiensi

297 4068 372 4118 salut.
382 4074 409 4118 et
426 4064 593 4130 apostolicam
610 4064 734 4114 benedict.
760 4063 826 4117 Cum
843 4079 890 4128 pro
908 4065 1013 4128 negotio
1032 4065 1137 4114 docimo.
1156 4079 1237 4130 nuper
1252 4064 1280 4114 in
1297 4063 1405 4117 concilio
1415 4063 1485 4129 Lug·

298 4154 403 4203 dunensi
421 4160 487 4201 torro
505 4157 592 4201 sancto
610 4149 722 4200 subsidio
739 4150 860 4213 deputato
879 4143 933 4209 [etc.
952 4158 978 4199 ut
1000 4150 1025 4199 in
1047 4157 1155 4214 segestro
1176 4147 1285 4213 predicti
1305 4148 1486 4215 predecessoris

301 4235 418 4304 Grsqort‘r'
432 4231 515 4300 usque]
540 4235 638 4285 Datum
664 4234 782 4299 Lugduni
806 4251 840 4284 .x.
863 4235 915 4284 kal.
942 4233 1095 4285 Nouembris
1121 4233 1285 4300 pontificatus
1307 4234 1390 4286 nostri
1416 4249 1484 4284 enno

297 4325 379 4374 tortio.
392 4320 530 4372 -Detum
547 4321 629 4372 Romo
647 4321 715 4386 apud
733 4325 848 4371 sanctam
865 4319 986 4371 Sabinam
996 4335 1030 4370 .x.
1040 4318 1091 4370 kal.
1100 4319 1250 4371 Decembris
1267 4319 1383 4386 pontific.
1401 4317 1485 4371 nostri

297 4424 364 4466 anno
382 4409 474 4474 primo.

640 4472 705 4518 (treis.
720 4472 762 4511 Vrt.
776 4472 822 4520 liag.
837 4473 905 4512 lionor.
920 4472 949 4510 lv.
962 4482 992 4510 sn.
1007 4471 1020 4509 1.
1035 4481 1065 4519 ep.
1079 4465 1136 4517 212).

641 4666 690 4725 41.
736 4665 825 4724 1285.
871 4665 947 4724 l3do
964 4663 1138 4725 December.

363 4782 492 4838 Honorius
510 4782 643 4849 opiscopus
662 4794 681 4831 s.
701 4796 720 4832 s.
740 4781 763 4830 d.
773 4780 868 4831 dilecto
885 4779 1099 4844 filioliuguitioni
1116 4779 1225 4846 plebano
1242 4780 1324 4845 plebis
1341 4780 1374 4831 da
1385 4776 1484 4831 Casmi-

295 4867 363 4924 lione
380 4867 488 4922 Aeetius
504 4866 612 4922 diocesis
628 4864 763 4934 capellano
781 4873 878 4930 nostro,
906 4867 1037 4919 collectori
1062 4866 1160 4919 dadino
1184 4864 1212 4918 in
1237 4864 1317 5002 Ιιὶῖιὶο
1342 4872 1369 4919 et
1395 4863 1484 4918 Sestio
