3584 5625
967 433 985 493 2

462 612 559 689 [Item]
585 618 614 676 in
644 618 774 695 partibus
800 620 968 696 Regnorum
989 619 1117 679 Castelle
1139 630 1168 680 et
1189 620 1334 697 Legionis,
1357 621 1411 682 dns
1432 620 1569 683 Offredus

378 719 543 795 Episcopus
571 720 738 781 Ouettensis
772 720 825 778 fuit
852 721 1092 796 superintendens
1121 732 1150 781 et
1182 720 1301 801 [posuit]
1334 723 1505 783 collectores
1531 724 1569 792 ad

377 824 507 900 ipsarum
529 822 654 899 partium
677 820 804 880 decimas
825 821 1012 897 colligendas.

462 931 538 987 Item
560 929 589 985 iu
610 925 743 984 omnibus
765 923 896 999 partibus
918 924 1086 999 Regnorum
1108 925 1258 1003 Aragonie
1280 935 1309 985 et
1328 928 1474 999 Nauarre,
1504 927 1569 985 Ma·

378 1031 468 1107 gister
495 1030 663 1088 Benenatus
696 1027 853 1084 canonicus
875 1026 1075 1085 Narbonensis
1103 1026 1156 1085 fuit
1183 1029 1341 1105 deputatus
1372 1029 1457 1088 simili
1483 1030 1570 1087 modo

379 1131 631 1209 superintendens.

462 1234 538 1291 Item
559 1232 589 1290 in
611 1230 744 1288 omnibus
764 1227 894 1302 partibus
915 1228 1010 1303 Regni
1027 1229 1197 1307 Portugalie
1219 1235 1274 1292 dr‘rs
1295 1219 1444 1294 Geraldus
1464 1231 1570 1290 Archi·

380 1337 519 1394 diaconus
547 1330 736 1390 Bracarensis
768 1327 821 1385 luit
853 1328 993 1387 collector
1014 1332 1170 1407 deputatus
1191 1346 1220 1394 et
1242 1336 1360 1412 collegit
1381 1335 1422 1393 ibi
1443 1333 1570 1392 (lecimus

380 1447 509 1513 tempore
530 1437 606 1493 bone
629 1431 765 1489 memorie
788 1431 970 1487 dominorum
981 1431 1125 1493 Iohannis
1147 1437 1304 1514 papcsrxj.
1326 1435 1571 1512 etNicolaipape

350 1565 362 1574 -
380 1538 426 1614 .iij.
463 1538 530 1611 Quo
542 1534 758 1593 Archidiacono
770 1533 928 1589 decedente
943 1530 1031 1590 frater
1040 1534 1197 1596 Monaldus
1205 1540 1241 1596 de
1252 1538 1411 1599 Mathclica
1422 1535 1570 1598 Camerin-

380 1642 456 1699 ensis
491 1637 613 1696 diocesis
651 1635 703 1692 luit
735 1634 852 1694 missus,
871 1634 909 1691 ad
936 1639 1166 1710 recuperandum
1196 1641 1327 1700 decimas.
1351 1659 1425 1716 quas
1454 1637 1572 1713 collegit

381 1741 528 1819 predictus
559 1737 792 1797 Archidiaconus
825 1745 855 1793 et
885 1736 1088 1811 deponendum
1117 1742 1197 1815 apud
1222 1754 1397 1802 mercatores
1425 1741 1476 1818 qui
1505 1761 1571 1800 eam

381 1844 536 1912 soluerent
556 1841 586 1898 iu
609 1838 699 1899 Curia
720 1838 861 1895 Romana

466 1945 540 2001 Item
562 1943 591 2000 iu
613 1941 747 1998 omnibus
768 1938 900 2015 partibus
915 1938 1008 2013 Regni
1020 1941 1128 2016 Anglie
1149 1942 1266 2002 fuerunt
1287 1944 1418 2021 deputati
1440 1943 1570 2020 superin-

361 2047 541 2116 tendentes,
563 2043 651 2101 irater
672 2042 823 2101 Johannes
845 2041 881 2097 de
904 2039 1108 2099 Dorleutonal
1130 2043 1237 2103 ordinis
1257 2046 1473 2121 predicatorum
1493 2065 1571 2104 nunc

381 2147 628 2222 Archiepiscopus
650 2141 889 2215 *Dumblinensia
912 2152 941 2199 et
963 2144 1109 2217 quondam
1130 2144 1210 2222 Mag.
1232 2141 1352 2205 andus
1373 2147 1409 2204 de
1435 2148 1572 2223 Nogerijs

381 2251 461 2326 prior
483 2249 582 2309 Sancti
610 2245 750 2322 Caprasij,
779 2246 830 2302 diri
851 2261 927 2322 pape
950 2244 1147 2320 cappellanus,
1180 2247 1231 2323 qui
1259 2247 1379 2307 ueniens
1401 2249 1439 2307 ad
1461 2248 1571 2308 curiam

381 2370 435 2427 pro
463 2370 516 2408 sua
537 2349 649 2406 ratione
670 2348 817 2405 reddenda
838 2346 891 2404 fuit
908 2346 971 2419 alijs
982 2344 1112 2419 seruicijs
1123 2348 1256 2407 Ecclesia
1278 2350 1434 2425 deputatus
1456 2358 1486 2409 et
1505 2350 1571 2409 loco

382 2452 444 2511 eius
465 2452 637 2511 substitutus
657 2448 710 2506 fuit
729 2449 808 2523 Mag.
825 2448 943 2507 Arditio
955 2447 1135 2523 primicerius
1147 2449 1381 2524 Mediolanensis,
1403 2462 1432 2510 et
1451 2452 1573 2511 fuerunt

381 2554 422 2612 ibi
443 2553 579 2612 continue
600 2552 638 2609 ad
658 2552 737 2627 ipsas
755 2549 882 2607 decimas
903 2549 1081 2625 colligendas
1101 2549 1235 2610 videlicet
1257 2553 1507 2613 iraterJohanues
1519 2574 1573 2631 per

383 2666 460 2726 octo,
474 2665 503 2713 et
513 2655 593 2729 Mag.
604 2652 721 2710 Arditio
742 2670 795 2726 per
812 2650 940 2726 quinque
962 2670 1063 2719 annos,
1085 2661 1114 2708 et
1135 2653 1252 2711 tandem
1266 2654 1410 2730 Magister
1421 2653 1571 2715 Giffredus

294 2783 296 2788 ·
341 2745 343 2749 ¹
383 2757 419 2815 de
441 2757 563 2833 Vacano
586 2755 627 2812 eis
649 2754 744 2811 extitit
764 2753 793 2809 in
815 2751 909 2809 officio
931 2754 1114 2829 subrogatus,
1135 2754 1230 2814 adhuc
1253 2766 1297 2815 est
1317 2756 1366 2815 ibi.

467 2857 542 2915 Item
574 2857 603 2915 iu
636 2856 768 2915 omnibus
800 2856 931 2931 partibus
954 2855 1090 2918 ,Ybernie
1119 2855 1173 2913 dns
1195 2897 1201 2910 .
1224 2897 1231 2911 .
1264 2855 1429 2934 Episcopus
1462 2857 1572 2919 Cluan-

384 2959 515 3018 fertensis
537 2968 566 3017 et
588 2958 682 3016 adhuc
706 2967 749 3015 est
770 2957 818 3014 ibi.

467 3061 543 3120 Item
570 3061 601 3117 in
627 3061 760 3118 omnibus
785 3057 916 3134 partibus
944 3057 1038 3132 Regni
1068 3056 1166 3117 Scotie
1194 3057 1274 3134 Mag.
1297 3055 1508 3120 *Raimuudus3
1536 3062 1572 3120 de

383 3161 470 3236 Vitijs
498 3163 655 3220 canonicus
677 3160 810 3219 Astansis
832 3159 978 3235 quondam
1002 3158 1190 3234 cappellanus
1211 3160 1261 3218 dr‘ri
1281 3161 1386 3219 Vberti
1408 3162 1573 3234 cardinalis,

385 3263 439 3321 fuit
460 3264 615 3340 deputatus
636 3261 875 3339 superintendens
897 3269 926 3317 et
946 3259 1041 3316 adhuc
1064 3270 1114 3318 est.

468 3367 542 3423 Item
564 3366 593 3422 in
616 3365 747 3422 omnibus
769 3363 900 3438 partibus
921 3360 1016 3436 Regni
1036 3361 1194 3438 Norwegie
1216 3363 1270 3421 dns
1295 3362 1446 3424 Johannes
1467 3365 1572 3424 Archi·

385 3465 754 3543 episcopusNidrosielrsis.
796 3463 856 3521 Iste
877 3460 986 3538 incepit
1007 3461 1144 3536 colligere
1166 3464 1454 3539 decimaspervnum
1466 3486 1572 3524 annum

385 3563 469 3644 post*
493 3568 565 3627 alios
588 3569 757 3627 collectores
785 3565 939 3641 deputatos
960 3563 989 3621 in
1012 3563 1075 3638 alijs
1097 3565 1253 3640 prouincijs
1271 3576 1337 3640 post
1358 3566 1441 3625 cuius
1462 3568 1573 3626 obitum

385 3670 422 3726 ed
451 3669 637 3746 quamplures
663 3686 754 3726 annos
781 3668 957 3740 subrogatus
985 3675 1028 3724 est
1049 3665 1089 3722 ibi
1116 3665 1170 3723 dr‘rs
1198 3666 1332 3740 Vguittio
1363 3667 1505 3743 plebanus
1537 3670 1573 3726 de

385 3770 561 3830 Castelliouc
583 3771 704 3828 Aretine
727 3769 858 3838 diocesis,
880 3778 910 3824 et
930 3767 1025 3824 adhuc
1048 3775 1091 3822 est
1112 3765 1161 3824 ibi.

468 3873 543 3929 Item
564 3871 594 3929 in
616 3871 748 3929 omnibus
771 3869 902 3945 partibus
923 3869 1091 3944 Regnorum
1111 3867 1205 3930 Dacie
1228 3877 1257 3924 et
1272 3868 1377 3928 Suecie
1398 3869 1477 3944 Mag.
1500 3871 1573 3928 Ber·

384 3974 504 4031 trandus
515 3971 658 4030 Amalrici
669 3971 834 4029 Canonicus
846 3970 1006 4040 Remensis,
1018 3970 1067 4026 dr'ri
1090 3988 1166 4044 pape
1189 3968 1386 4044 cappellanus,
1407 3970 1461 4029 fuit
1472 3991 1573 4048 super·

384 4073 542 4146 intendens,
564 4073 614 4148 qui
647 4073 763 4149 collegit
791 4073 831 4131 ibi
859 4092 912 4148 per
932 4081 1041 4147 septem
1064 4089 1164 4138 annos,
1187 4079 1253 4144 post
1275 4069 1357 4128 cuius
1378 4091 1523 4133 recessum
1545 4083 1575 4132 et

385 4176 481 4252 plures
503 4193 594 4232 annos
614 4172 707 4232 dictus
717 4174 859 4250 plebanus
876 4174 913 4231 de
930 4171 1105 4232 castellione
1126 4170 1180 4228 fuit
1200 4169 1254 4228 sibi
1276 4172 1450 4248 subrogatus
1473 4185 1501 4234 et
1522 4176 1573 4234 ad·

384 4279 441 4335 huc
463 4285 509 4334 est
528 4276 578 4333 ibi.

468 4377 543 4434 Item
563 4376 592 4433 in
615 4377 747 4435 omnibus
768 4377 901 4452 partibus
922 4376 1016 4451 Regni
1039 4374 1178 4448 Vngarie,
1211 4376 1333 4433 Polonie
1356 4387 1385 4435 et
1415 4375 1574 4437 Scleuouie

385 4478 463 4554 Mag.
493 4477 643 4537 Gerardus
669 4480 706 4536 de
737 4479 853 4536 Mutina
885 4478 935 4534 dr'ri
967 4496 1043 4553 pape
1076 4475 1273 4534 subdiaconus
1306 4488 1335 4536 et
1367 4478 1490 4552 scriptor
1521 4477 1574 4534 tuit

322 4644 327 4653 ·
421 4621 506 4675 1ΕὀΙ.
528 4631 558 4674 14
575 4627 670 4675 skrives
689 4628 757 4676 dctte
775 4626 850 4676 Nnvn
873 4618 1066 4687 ,Derliutona“.
1102 4621 1254 4675 ²Saaledes
1272 4627 1280 4675 i
1297 4626 1407 4676 Tanton.
1442 4625 1506 4676 Skal
1523 4624 1574 4674 for-

453 4711 595 4772 modentlig
613 4711 714 4774 oplases
733 4706 931 4774 „Raimundns.“
968 4707 978 4735 ³
996 4709 1116 4760 Skrivfeil
1136 4709 1263 4760 i'l'exten
1285 4711 1336 4760 isti.
1359 4703 1574 4773 ,Baiamundus.“

453 4789 466 4820 ⁴
482 4793 555 4856 Saul..
570 4795 579 4843 i
596 4794 705 4845 Tenteu.
740 4797 777 4846 Er
794 4797 979 4860 formodentlig
996 4809 1028 4846 eu
1046 4793 1180 4845 Feilskrift
1196 4795 1237 4845 t'or
1254 4789 1338 4859 „per“.
