3584 5625
838 462 878 519 87

270 651 401 709 et-bona
421 667 479 726 qne
500 648 529 706 in
552 646 658 707 eisdem
680 647 790 722 Begnis
810 648 953 724 repereris
974 649 1012 706 ad
1040 647 1181 725 prefatam
1214 669 1374 709 cameram
1390 665 1466 728 pers

270 750 372 822 tinere,
394 760 502 827 patere,
523 737 639 826 erigere
651 768 696 807 ‘ac
717 748 846 824 recipere
867 744 1016 807 nostro'et
1035 749 1163 810 eiusdem
1196 771 1309 810 camere
1337 754 1456 810 nomine

271 870 339 910 cnm
362 852 525 927 integritate
545 869 693 926 procures,
710 849 937 909 contradictores
959 851 1103 927 quoslibet
1124 859 1153 908 et
1172 854 1295 912 rebelles
1316 872 1368 929 per
1388 874 1455 912 cem⁴
1565 911 1571 923 ,
1625 876 1628 888 ·

270 971 368 1012 suram
391 951 616 1012 ecelesiasticam
638 950 838 1027 appellacione
861 960 928 1027 post
949 952 1044 1027 posita
1066 955 1285 1028 compescendo,
1307 956 1373 1014 Non
1403 958 1468 1014 ob·-·.

270 1063 367 1113 statue
387 1055 411 1113 si
428 1054 475 1111 eis
502 1052 550 1110 nel
582 1070 686 1110 eornm·
712 1051 858 1127 aliquibus
890 1053 1081 1111 communiter
1111 1053 1159 1111 uel
1191 1055 1304 1115 diuisim
1336 1077 1355 1114 a
1386 1058 1455 1115 sede

270 1155 432 1232 apostolica
453 1156 490 1214 sit
510 1135 653 1212 indultum
681 1153 759 1228 quod
791 1153 931 1226 interdici,
963 1154 1100 1230 suspendi
1131 1156 1177 1212 uel
1211 1160 1453 1216 excommunicari

270 1276 329 1315 non
351 1256 470 1334 possint,
493 1275 546 1332 per
567 1254 677 1313 litterae
697 1254 872 1329 apostolicae
894 1263 951 1313 non
974 1254 1111 1315 iacientes
1124 1258 1249 1333 plenam
1276 1267 1313 1314 et·
1336 1277 1455 1334 expres⁴

269 1376 332 1417 eam
354 1377 389 1416 ac
411 1358 448 1416 de
469 1358 561 1417 uerbo
582 1356 620 1413 ad
640 1357 762 1414 uerbum
785 1356 821 1413 de
842 1355 955 1414 indulto
976 1357 1140 1415 huiusmodi
1164 1360 1353 1428 mencionem,
1369 1350 1463 1418 solu-¹

203 1468 206 1473 '
270 1478 336 1518 mus
357 1469 454 1518 antem
476 1457 554 1535 qnod
577 1476 627 1515 eos
648 1458 792 1532 aquibus
813 1458 941 1515 bona-et
968 1459 1106 1533 pecunias
1132 1453 1276 1535 receperis
1308 1462 1454 1519 antedicta

269 1560 384 1637 plenius
405 1560 557 1625 absoluere
579 1556 679 1615 ualeas
702 1568 730 1615 et
751 1559 877 1634 quittara
900 1559 936 1615 de
957 1560 1011 1634 hijs
1032 1580 1089 1637 qne
1109 1559 1177 1618 inde
1195 1563 1233 1619 ab
1243 1562 1313 1638 ipsis
1324 1564 1462 1639 recipere

268 1670 299 1719 te
321 1663 478 1738 continget,
499 1656 710 1735 inde¹pnblicis
726 1657 926 1732 jnstrnmentis
948 1659 1094 1720 coniectis·
1112 1661 1229 1738 prelata·
1247 1676 1368 1722 'camere
1401 1683 1453 1740 per

267 1770 299 1818 te
321 1771 388 1836 post
406 1764 525 1820 modum
547 1760 669 1819 fideliter
690 1756 880 1835 assignandis,
897 1762 1011 1819 Datum
1045 1763 1192 1821 Aninione
1221 1764 1277 1840 iiij.
1305 1764 1452 1825 kalendas.

268 1862 420 1938 Februarij
434 1864 632 1923 Pontitlcstns
653 1859 743 1919 nostri
764 1878 841 1920 anno
863 1861 929 1937 avj.

353 1964 484 2038 Quarum
504 1963 680 2023 auctoritate
702 1962 730 2019 in
752 1962 882 2037 predicto
905 1959 1067 2039 procedens
1085 1966 1207 2041 negocio
1230 1967 1326 2044 recepi
1347 1987 1450 2043 argen-

267 2074 329 2122 tum
351 2073 381 2122 et
401 2065 540 2141 pecunias
560 2062 766 2138 infrascriptae.
864 2105 866 2110 .
949 2095 952 2101 ·
1030 2087 1034 2106 ·

307 2301 309 2308 .
352 2251 440 2309 Anno
462 2251 513 2310 dni
535 2257 584 2308 unt
607 2248 798 2323 ccclxxxiiii
820 2249 867 2306 die
888 2270 945 2307 .xx.
969 2251 1073 2309 mensis
1088 2252 1209 2328 Aprilis.
1231 2256 1340 2331 Recepi
1356 2276 1374 2314 a
1391 2258 1458 2314 diro·

268 2353 428 2429 Styrberno
449 2353 596 2429 Episcopo
618 2350 821 2426 strengenensi
844 2351 880 2408 de
902 2351 998 2409 debito
1031 2352 1110 2427 alvi
1144 2373 1306 2415 marearum
1339 2359 1459 2433 argenti

266 2453 295 2512 in
319 2453 423 2530 quibus
444 2455 499 2512 dns
521 2454 738 2512 Thidemannue
759 2452 905 2530 quondam
934 2453 1097 2529 prepositus
1127 2456 1265 2516 Nerichis
1297 2463 1450 2518 tenebatur

267 2555 326 2613 dno
346 2565 444 2614 nostro
466 2575 542 2631 pape
563 2574 615 2614 een
637 2553 699 2612 eius
721 2572 834 2612 camere
856 2573 909 2629 per
931 2573 1032 2613 manus
1061 2556 1110 2614 dni
1144 2558 1280 2617 Halstani
1310 2562 1449 2620 canonico

266 2655 470 2734 Strengenemi
496 2686 526 2696 -
554 2657 642 2715 lxxv.
663 2674 752 2714 marc.
774 2655 839 2714 den.
862 2655 1035 2716 Suanorum.
1084 2701 1087 2709 .
1341 2669 1344 2676 '

495 2814 497 2820 .
581 2757 718 2835 Recepit
732 2755 958 2832 jnstrumentum
978 2757 1118 2819 Jacobus.
1209 2794 1212 2798 -

349 2962 423 3020 Item
444 2961 563 3038 Recepi.
584 2981 604 3018 a
623 2961 763 3036 magistro
779 2959 894 3019 Thema
910 2960 1266 3039 canonicoStrengenenai
1289 2967 1325 3026 de
1345 2987 1448 3044 supra-

264 3062 343 3121 dicto
366 3062 463 3122 debito
484 3063 594 3121 tamin
615 3071 736 3137 argento
758 3070 788 3120 et
807 3061 973 3121 fracmentis
996 3064 1110 3139 argenti
1141 3082 1232 3140 quam
1262 3066 1291 3126 in
1325 3070 1448 3144 pecunia

262 3163 422 3224 sneuieana
444 3192 482 3203 ·-
506 3174 585 3223 axv.
607 3183 695 3223 marc.
715 3182 776 3240 arg.
800 3162 935 3240 ponderis
958 3164 1194 3225 Stokholmensis.
1273 3201 1277 3212 ·

734 3265 846 3323 Habuit
864 3265 983 3326 litteras.

744 3467 833 3527 ‚lxxa
856 3487 943 3529 marc.
966 3471 1029 3529 den.
1052 3471 1224 3532 Suanorum.
1302 3506 1305 3511 »
1331 3488 1355 3521 9
1399 3518 1402 3525 .

743 3572 823 3610 axv.
846 3573 934 3613 marc.
957 3574 1018 3630 arg.
1048 3558 1182 3633 ponderis
1209 3557 1444 3620 Stokholmensie.

262 3501 343 3586 [apa]
365 3478 484 3569 Summa
506 3511 590 3570 huius
611 3510 715 3587 pagine

254 4216 317 4296 De
349 4217 471 4296 oblato
502 4218 664 4296 subsidio
694 4221 728 4296 in
761 4219 894 4319 Regno
927 4221 1064 4299 Suecie
1095 4233 1203 4300 tenor
1238 4226 1533 4307 interamnam.

309 4400 492 4460 ·'Jchannes
524 4403 676 4478 episcopus
709 4423 811 4463 seruus
842 4423 991 4464 seruorum
1024 4405 1078 4477 dei,
1111 4407 1227 4466 Dilecto
1260 4409 1318 4465 filio
1351 4409 1440 4465 Petro

253 4501 393 4580 Geruasij
431 4492 571 4562 canonico
606 4505 770 4563 Vinarienei
807 4506 966 4581 apostolice
984 4525 987 4531 ·
1004 4507 1080 4567 sedis
1111 4506 1217 4567 nuncio
1249 4502 1378 4569 Salutem
1411 4518 1441 4567 et

252 4602 445 4682 apostolicam
467 4605 710 4664 benediccionem.
765 4605 839 4666 Cum
863 4607 993 4664 nonnulli
1020 4608 1128 4666 Prolati
1152 4620 1180 4668 et
1201 4628 1324 4686 persone
1346 4612 1439 4670 eccle·

250 4703 372 4766 siastice
391 4705 420 4763 in
442 4706 607 4782 Norwegie,
631 4706 735 4767 Snecie
756 4718 785 4764 et
807 4707 901 4768 Gocie
930 4710 1039 4784 Regnis
1074 4711 1261 4770 consistentes
1294 4722 1378 4788 grata
1411 4703 1440 4770 et
1491 4733 1494 4740 ·

250 4804 381 4880 benigna
401 4808 641 4868 consideracione
666 4819 820 4884 pensantes
851 4810 954 4885 grauia
986 4830 1075 4870 onera
1108 4828 1300 4886 expensarum
1334 4815 1439 4891 quibus
