3584 5625
804 517 862 576 123

241 704 314 763 dixit
334 725 366 763 se
388 703 558 781 expendisse
581 732 620 740 -·
644 702 713 779 iiij‘!r
726 702 777 761 sol.
799 721 886 777 gross.
906 701 1126 762 Turonensium.
1140 722 1191 778 per
1203 721 1237 761 .v.
1250 701 1424 777 septimanas

241 806 346 883 quibus
366 804 420 864 fuit
440 805 468 862 in
491 803 539 861 uia
561 803 620 862 illa.

324 907 398 964 Item
423 905 521 981 xxvij.
544 905 590 963 die
612 906 787 965 Nouembris
808 905 881 964 solui
905 925 957 981 pro
981 904 1052 980 .iiij⁰.¹
1067 905 1190 981 pellibus
1207 894 1374 982 pergameni
1388 932 1421 942 -

243 1008 290 1083 iij.
312 1026 402 1083 gross.
427 1008 620 1066 Turonenses.

242 1211 318 1270 solui
341 1231 393 1287 pro
415 1210 502 1268 naulo
525 1229 575 1267 sen
599 1230 651 1286 pro
673 1210 759 1268 maris
785 1210 906 1269 transitu
939 1238 972 1246 -
1000 1208 1068 1284 .viij.
1091 1229 1180 1285 gross.
1205 1212 1399 1269 Turonenses.

325 1312 399 1369 Item
421 1311 496 1369 solui
518 1331 570 1387 pro
593 1311 725 1387 expensis
757 1310 930 1370 famulorum
966 1309 1015 1367 dni
1046 1311 1265 1389 Archiepiscopi
1298 1310 1346 1386 qui
1380 1328 1424 1367 me

242 1414 445 1473 conduxerunt
465 1431 558 1488 usque
588 1413 625 1471 ad
658 1431 737 1471 mare
769 1412 798 1470 in
831 1412 1055 1489 Helsingburgh.
1086 1442 1112 1449 --
1144 1412 1212 1488 xiij.
1233 1431 1323 1488 gross.
1347 1411 1424 1469 Tur·

241 1509 389 1573 onenses¹.

326 1615 400 1673 Item
414 1615 497 1674 ‘solui
519 1635 571 1691 pro
594 1615 726 1691 expensis
749 1614 797 1672 dni
818 1615 962 1674 dohanuis
982 1616 1018 1672 de
1040 1614 1162 1690 Capella
1192 1613 1323 1673 canonici
1351 1615 1425 1673 Ros·
1440 1620 1524 1663 mssa.

240 1708 387 1786 kildensis‚
409 1716 459 1793 qui
481 1716 602 1775 ulterius
624 1716 728 1775 direxit
749 1733 795 1773 me
817 1716 846 1775 in
868 1718 917 1775 via
938 1735 1029 1792 usque
1048 1714 1322 1791 [roskildis—,viij
1335 1734 1425 1791 gross.

241 1818 436 1876 Turoneuses.

327 1919 401 1976 Item¹
423 1918 488 1977 dedi
508 1918 618 1976 Abbati
641 1919 677 1976 ds
698 1917 845 1977 Paraclito
868 1919 918 1995 qui
940 1918 1067 1995 portauit
1099 1927 1181 1978 extra
1211 1929 1316 1978 terram
1348 1919 1426 1978 illam

243 2038 330 2078 vnam
352 2030 462 2095 partem
485 2019 671 2096 pecuniarum
695 2039 768 2095 quas
790 2030 858 2079 tunc
881 2039 1046 2095 receperam
1068 2019 1118 2091 ibi,
1149 2040 1202 2097 pro
1234 2020 1367 2097 expensis
1399 2029 1428 2078 et

243 2120 332 2180 maris
353 2122 476 2179 transitu
500 2149 537 2160 -
564 2121 609 2196 iij.
632 2122 683 2180 sol.
706 2139 796 2197 gross.
821 2121 1042 2180 Turonensium.
1072 2130 1101 2180 et
1128 2122 1194 2179 dedi
1216 2123 1294 2182 socio
1315 2141 1370 2180 suo
1391 2150 1423 2162 -·

244 2243 282 2282 .x.
304 2242 394 2300 prose.
419 2224 612 2281 Turonenses.

328 2325 402 2382 Item
426 2325 491 2383 dedi
513 2324 607 2383 Priori
628 2324 849 2384 Predicatorum
860 2325 1093 2385 Roskildcnsium
1105 2326 1153 2400 qui
1165 2327 1305 2404 reliquam
1317 2332 1427 2401 partem

165 2477 173 2503 p
244 2427 433 2504 pecuniarum
457 2426 557 2485 debuit
584 2437 666 2485 extre
695 2437 799 2486 terram
830 2428 910 2485 illem
942 2436 1058 2503 portare
1090 2445 1181 2503 usque
1215 2427 1442 2503 Helsingborglr*

244 2539 305 2587 tam
327 2547 381 2605 pro
402 2529 489 2587 maris
509 2528 630 2587 transitu
653 2548 741 2605 quam
770 2549 823 2606 pro
860 2528 994 2605 expensis
1026 2538 1055 2586 et
1085 2527 1293 2587 laboribus-
1319 2549 1355 2588 .v.
1377 2527 1428 2607 sol.

245 2648 337 2706 gross.
361 2630 553 2688 Turonenses.

328 2732 401 2789 Item
424 2730 490 2789 dedi
512 2732 667 2790 concentui
688 2750 742 2790 sue
764 2750 850 2789 vnam
873 2732 1006 2808 lagenam
1032 2729 1168 2789 *seruisie
1196 2751 1248 2807 pro
1276 2753 1335 2810 qua
1356 2731 1430 2791 solui

250 2863 279 2872 -
309 2853 368 2891 xx.
389 2851 480 2909 gross.
505 2833 699 2892 Turonenses.

329 2935 404 2993 Item
426 2934 472 2992 die
494 2934 582 3010 xxiij.
605 2935 774 2994 Decembris
797 2936 875 2994 exiui
896 2946 1002 2994 terram
1025 2935 1103 2993 illam
1128 2945 1157 2995 et
1178 2936 1244 2995 veni
1271 2935 1381 2995 Lundis
1401 2936 1431 2994 in

247 3036 348 3114 vigilia
369 3035 483 3095 Natalis
506 3037 564 3109 dni,
586 3023 693 3095 relictis
716 3038 797 3113 cquis
820 3038 891 3096 meis
912 3037 981 3112 quia
1002 3047 1105 3096 uentus
1128 3049 1188 3096 erat
1211 3039 1371 3097 contrarius
1403 3047 1432 3096 et

244 3139 321 3199 solui
342 3157 395 3214 pro
417 3138 504 3195 naulo
532 3166 561 3174 ·-
591 3137 659 3212 .viij.
682 3158 772 3214 gross.
795 3139 990 3198 Turonenses.

330 3239 405 3297 Item
427 3239 500 3296 solui
523 3257 575 3313 pro
598 3243 731 3315 expensis
753 3241 938 3299 conductoris
960 3269 999 3278 —-
1023 3241 1079 3315 .xij.
1099 3259 1189 3316 gross.
1208 3242 1400 3300 Turonenses.

330 3339 403 3398 Item
426 3359 502 3398 anno
525 3341 574 3397 dr‘ri
599 3348 648 3399 .m⁰.
670 3349 735 3400 ccc⁰.
757 3342 871 3416 xxxiiij‘!
894 3342 940 3399 die
963 3360 999 3398 .x.
1020 3342 1152 3417 Ianuarii
1182 3343 1242 3401 misi
1264 3361 1351 3400 vnum
1375 3343 1432 3401 cle·

244 3444 338 3502 ricum
361 3460 456 3499 meum
476 3460 534 3499 vna
556 3461 621 3500 cum
645 3443 771 3518 quodam
794 3443 954 3518 presbitero
978 3443 1025 3499 dni
1047 3444 1268 3520 Archiepiscopi
1296 3445 1333 3501 ad
1361 3444 1434 3503 reci·

246 3543 384 3620 piendum
406 3542 544 3619 pecunias
568 3563 640 3619 ques
663 3545 763 3602 debuit
785 3554 901 3620 portare
919 3544 945 3601 in
965 3543 1182 3621 Helsingburgh
1202 3545 1282 3621 prior
1303 3547 1434 3623 predica·

248 3653 344 3702 torum
365 3644 596 3703 Roslrildensium
619 3646 647 3702 in
667 3657 773 3704 octaua
785 3647 936 3724 epiphanie
949 3656 977 3703 et
989 3664 1044 3704 non
1057 3648 1152 3722 potuit
1162 3656 1280 3723 propter
1290 3667 1434 3723 guerram,
1468 3720 1471 3725 Ι

245 3746 297 3822 qui
330 3755 518 3824 expectentes
550 3747 657 3805 dictum
687 3748 811 3822 priorem
833 3748 938 3807 ibidem
963 3749 1161 3823 expenderunt
1187 3779 1218 3786 -
1245 3749 1321 3825 xxij.
1343 3769 1434 3826 gross.

245 3849 432 3907 Turonenses
454 3868 520 3906 eum
542 3849 632 3906 tribus
655 3849 744 3924 equis.

331 3949 403 4007 Item
425 3950 526 4025 scripsi
548 3949 605 4007 diro
627 3960 724 4008 nostro
754 3942 854 4025 [pape]
889 3961 917 4008 et
949 3951 1014 4009 dedi
1048 3953 1178 4027 portitori
1211 3952 1370 4010 litterarum
1393 3979 1434 3990 -·

246 4051 334 4127 xviij.
356 4069 446 4126 gross.
470 4053 664 4111 Turonenses.

248 4255 353 4316 Suecie
376 4273 442 4313 cum
463 4255 565 4314 litteris
587 4257 646 4313 suis
674 4256 701 4311 in
735 4254 840 4330 quibus
873 4255 1021 4312 mandauit
1053 4256 1121 4313 mihi
1155 4256 1233 4332 quod
1265 4256 1288 4313 si
1321 4276 1435 4332 possem

248 4357 348 4416 uenire
370 4356 407 4414 ed
430 4375 495 4412 eum
518 4355 641 4414 libenter
662 4357 830 4431 loqueretur
859 4376 971 4414 mecum
1005 4368 1071 4415 ante
1103 4377 1246 4416 recessum
1280 4377 1374 4416 meum
1407 4366 1436 4415 et

249 4457 315 4516 dedi
336 4458 413 4516 dicto
436 4458 546 4517 cursori
573 4486 603 4494 -
632 4457 656 4533 .j.
681 4456 769 4516 mercss
794 4457 859 4516 den.
882 4452 1104 4519 Scaniensium²a
1364 4443 1367 4448 ¹

799 4657 878 4720 xvin.
898 4658 945 4707 sol.
965 4664 991 4706 et
1008 4659 1067 4722 .viij.
1087 4674 1167 4722 gross.
1186 4658 1355 4726 Turonenses.

798 4725 848 4788 ,vij.
867 4726 955 4775 floren.
975 4727 1038 4775 auri.

801 4810 862 4872 xvj.
881 4811 927 4860 sol.
947 4819 973 4859 et
992 4810 1026 4874 rj.
1046 4813 1101 4860 den.
1121 4826 1201 4874 gross.
1221 4810 1415 4862 Turoneueium.

285 4682 293 4714 ¹
313 4689 345 4738 H.
359 4697 376 4737 t.
395 4685 455 4753 [ap]
475 4688 580 4739 Summa
592 4691 666 4740 huius
680 4663 786 4768 paginc{

285 4835 298 4865 a
315 4840 346 4890 H.
360 4848 378 4890 t.
398 4836 458 4905 [ap]
477 4841 582 4894 Summa
594 4843 669 4892 buius
682 4814 789 4920 paginel
802 4877 826 4940 'j'
845 4893 923 4928 mam.
942 4880 991 4928 den
1018 4879 1200 4931 scaniensium·
1527 4870 1541 4915 ι
