3584 5625
261 384 332 455 Hec
357 393 431 455 sunt
463 379 623 451 beneficis
655 402 719 475 que
758 363 965 452 uocauerunt
1004 382 1035 449 in
1075 379 1207 448 ciuitate
1246 386 1279 447 et
1317 375 1443 447 diocesi
1454 411 1544 453 mm..

260 499 478 573 Osloen'sibus
505 498 589 569 inira
628 497 798 569 Biennium
838 498 1090 568 reseruncionis.
1154 493 1318 566 Videlicet
1358 515 1443 565 enno

518 616 640 688 domini
669 631 728 693 ,ιηῠΙ
746 630 822 693 ccc?
840 618 955 708 xxvij?
974 624 1007 686 et
1033 616 1170 705 xxviij?

807 788 901 865 primo

259 892 540 951 Probenchanin
605 935 612 949 .
657 933 663 948 .
709 935 715 948 .
760 879 775 946 .’
814 933 820 945 .
863 934 868 946 .
990 942 1007 958 ..
1534 950 1536 959 ,

258 956 412 1051 prebenda
434 994 470 1052 de
492 994 600 1071 Biergh
902 960 1109 1017 cxxvrnmarc.
1123 960 1188 999 cum
1201 941 1319 999 drmndrs
1329 948 1444 999 monete

299 1093 328 1152 in
352 1094 475 1154 ecclesie
497 1093 630 1156 Osloensi
655 1136 870 1151 .....
941 1043 1098 1103 Nouem
1141 1166 1144 1174 Ι

259 1193 476 1273 Skoghaelnyrkc
499 1238 873 1255 ........
876 1194 904 1269 ij.
928 1214 1018 1253 marc.

258 1297 293 1355 de
315 1295 419 1357 Graue
447 1340 875 1355 .........
879 1296 916 1371 vj.
939 1316 1026 1356 marc.

257 1398 434 1458 Askerkirlse
500 1441 871 1458 ........
872 1417 920 1456 xv.
943 1398 995 1457 sol.
1018 1398 1230 1476 sterlingorum.

258 1499 363 1558 Frown
394 1542 873 1560 ..........
875 1500 894 1558 l.
917 1501 968 1559 sol.
992 1500 1119 1576 sterling.

257 1600 391 1678 Tuneym
448 1645 873 1662 .........
876 1603 916 1660 xl.
940 1602 992 1661 sol.
1014 1602 1143 1677 sterling.

257 1701 456 1780 Suartuborgh
502 1747 876 1761 ........
879 1704 919 1761 xl.
941 1704 992 1763 sol.
1016 1702 1144 1780 sterling.

256 1803 329 1862 Foss
393 1847 873 1863 ..........
876 1825 947 1863 xxx.
969 1805 1021 1864 sol.
1045 1804 1173 1881 sterling.

256 1904 452 1982 Heregstsder
502 1948 875 1966 ........
878 1925 928 1965 xx.
950 1906 1001 1964 soi.
1023 1904 1150 1984 sterling.

227 2005 348 2065 .Hoi.
394 2052 400 2067 .
448 2051 454 2064 .
500 2051 507 2067 .
553 2051 559 2065 .
607 2052 613 2065 .
659 2052 666 2065 .
712 2052 718 2066 .
763 2053 770 2067 .
816 2052 823 2066 .
868 2007 956 2083 .xxvj.
980 2008 1032 2067 sol.
1055 2027 1120 2068 oum
1142 2008 1208 2086 .viij.
1232 2012 1297 2073 den.
1308 2014 1435 2092 sterling.

254 2108 289 2166 ds
308 2109 411 2185 predio
433 2111 579 2187 prebendo
601 2112 636 2169 ds
660 2111 768 2205 Bisrgh
812 2154 818 2167 .
865 2130 901 2169 .x.
925 2109 977 2170 sol.
1001 2129 1066 2170 cum
1090 2110 1157 2186 .viij.
1179 2112 1244 2172 den.
1267 2115 1395 2193 sterling.

694 2413 995 2422 *Μ-

249 2732 321 2805 Hoc
346 2732 504 2805 beneficia
533 2747 735 2808 vsceuerunt
762 2730 793 2807 in
820 2739 953 2808 ciuitate
988 2748 1025 2809 et
1057 2736 1181 2811 diocesi
1216 2740 1435 2814 Hnnrsrensi-
1533 2725 1535 2729 ⁷

248 2851 309 2924 bus
337 2853 421 2925 inira
449 2854 630 2950 predictum
658 2855 831 2927 Biennium
859 2879 924 2951 que
951 2857 1120 2930 sciuerunt
1154 2859 1311 2951 [fructus]
1340 2863 1434 2954 primi
1582 2923 1586 2931 ,

691 2977 764 3045 anni
791 2985 829 3046 vt
854 2977 1001 3069 sequitur

795 3168 887 3226 prrmo

249 3241 371 3325 Capelle
394 3249 430 3306 de
451 3248 558 3308 Baellrae
586 3292 853 3309 ......
857 3251 894 3326 vj.
917 3271 1004 3311 marc.
1027 3249 1092 3311 den.

248 3335 373 3426 Capella
394 3352 478 3408 beate
500 3350 629 3426 Virginis
662 3353 697 3410 de
720 3351 803 3412 Gron
848 3372 883 3411 .v.
906 3373 994 3413 more.
1016 3355 1081 3413 den.

246 3449 384 3510 Ecclesia
406 3452 482 3510 besti
503 3453 622 3511 Andree
644 3454 680 3512 de
702 3448 763 3513 Hoi
796 3499 801 3511 .
849 3455 898 3513 ix.
919 3474 1007 3513 merc.
1031 3458 1094 3515 den.

243 3550 383 3613 Ecclesia
404 3553 480 3612 beati
498 3554 578 3612 Petri
601 3555 803 3615 deRumsdell
847 3557 892 3633 .vj.
915 3576 1003 3616 marc.
1022 3577 1049 3615 v.
1069 3579 1109 3619 or.
1135 3579 1200 3619 cum
1234 3559 1353 3619 dimidia
1382 3561 1432 3619 de·

278 3652 281 3656 ’
895 3658 1051 3716 nesiorum.

243 3751 403 3816 Prehends
421 3775 528 3818 vacans
547 3778 599 3836 per
615 3768 734 3818 mortem
748 3760 799 3819 do·

291 3859 358 3918 mini
380 3858 486 3917 Euindi
531 3904 538 3917 .
584 3904 590 3917 .
637 3906 642 3919 .
689 3906 695 3918 .
742 3906 748 3918 .
795 3898 813 3918 .<
848 3882 884 3920 .v.
908 3881 995 3920 merc.
1018 3863 1082 3922 den.

246 3955 382 4021 Ecclesia
394 3962 470 4020 beati
479 3962 567 4022 Olaui
579 3964 816 4041 deRinghisager
849 3984 907 4023 .xv.
931 3984 1018 4024 marc.
1041 3967 1105 4025 den.

688 4262 989 4273 ,κῇ-...Ἥ
