3584 5625
668 1614 693 1670 l.
721 1614 809 1673 1274.
856 1615 932 1672 ttdo
952 1612 1130 1688 September.

305 1703 455 1807 Gregorius
472 1745 607 1809 episcopus
620 1760 710 1795 seruus
723 1760 853 1795 seruorum
867 1746 907 1796 dei
929 1745 1065 1795 venerabili
1080 1744 1150 1795 fratri
1168 1745 1281 1796 Johanni
1299 1743 1490 1807 archiepiscopo

303 1829 458 1880 Nidrosiensi
467 1830 509 1879 tal.
517 1829 623 1879 Falconi
630 1827 1027 1894 arehiepiscopoUpaaleusiletc.
1038 1830 1142 1893 eiusque
1151 1829 1319 1892 suffraganeis
1326 1830 1434 1877 salutem
1442 1839 1489 1876 etc.

304 1914 330 1965 Si
339 1924 438 1964 mentes
448 1914 558 1963 fidelium
569 1915 674 1963 terrenis
685 1915 1089 1965 abdicatisillecebrisrecolendis
1098 1913 1445 1968 immensisheneflciisnostri
1454 1926 1492 1962 re·

305 1999 442 2063 demptoris
452 2000 619 2061 intenderent,
635 2000 655 2050 si
665 2016 696 2050 ea
705 2001 792 2050 celesti
802 2001 896 2050 lunriue
906 2002 1050 2050 illustrante
1060 2002 1173 2063 diligenti
1183 2010 1356 2050 scrutarentur
1366 1998 1491 2059 examine,

304 2086 324 2134 si
342 2082 486 2147 frequenter
503 2085 677 2134 meditationis
695 2094 792 2135 attente
810 2087 959 2149 conspectui
977 2096 1160 2149 presentarent,
1178 2084 1292 2148 profecto
1306 2098 1394 2133 eorum
1413 2083 1492 2132 cerda

305 2169 512 2219 concalescerent
524 2167 590 2218 infra
608 2171 677 2233 ipsos
695 2170 753 2234 igue
771 2170 797 2219 in
816 2172 991 2219 meditantium
1010 2173 1100 2221 animis
1118 2171 1273 2220 ardescente.
1309 2168 1498 2219 Cuiuseteuim·

306 2264 395 2319 pectus
408 2261 578 2304 saxeum'uen
595 2255 723 2305 emolliret
740 2256 901 2305 considerata
919 2257 985 2305 illius
996 2256 1184 2305 humanationis
1194 2255 1332 2314 humilitas,
1345 2256 1370 2302 in
1383 2268 1433 2316 qua
1442 2252 1492 2301 Dei

305 2339 371 2390 filius
390 2339 474 2389 factus
492 2340 569 2390 hemo
588 2341 729 2391 exinaniuit
747 2342 910 2404 semetipsum
929 2340 1036 2390 formum
1049 2344 1114 2391 serui
1128 2341 1288 2403 accipiensin
1301 2338 1492 2389 similitudinem

309 2425 418 2475 hominis
429 2423 511 2474 factus
524 2434 549 2475 et
558 2425 645 2475 habitu
658 2428 775 2477 inuentus
787 2437 815 2475 rt
827 2426 923 2475 homei
942 2426 1021 2477 Cuius
1031 2429 1127 2476 viscera
1136 2442 1188 2475 non
1201 2425 1368 2474 inflammaret
1378 2423 1492 2474 caritatis

253 2551 258 2559 .
306 2511 396 2560 ardere
415 2510 457 2574 pia
475 2510 645 2560 consideratio
663 2511 731 2560 illius
756 2510 939 2561 humiliatirnis
962 2521 1083 2572 extreme,
1110 2512 1135 2561 in
1161 2526 1211 2575 qua
1236 2512 1291 2575 ipse
1316 2510 1384 2559 idem
1409 2508 1492 2559 factus

308 2594 428 2644 obediens
446 2609 524 2658 vsque
541 2595 574 2643 ad
592 2606 700 2645 mortem
718 2598 751 2647 ad
769 2597 977 2660 exprobrantium
997 2587 1134 2661 opprobria
1152 2611 1237 2646 coram
1257 2581 1379 2645 tondente
1406 2610 1433 2644 se
1452 2610 1493 2643 ve·
1574 2618 1576 2626 ·

305 2680 343 2729 lut
359 2694 442 2741 agnus
461 2680 595 2741 obmutuit,
614 2689 639 2730 et
657 2682 722 2730 sicut
746 2682 801 2732 cuis
828 2682 859 2729 ad
887 2682 1040 2731 occisionem
1066 2683 1165 2742 ductus,
1192 2687 1251 2744 post
1276 2680 1443 2729 contumelias
1467 2686 1493 2728 et

305 2746 425 2821 terreres.
442 2774 501 2830 pust
518 2766 603 2831 spinas
621 2775 647 2817 et
664 2775 747 2832 sputa,
766 2775 824 2827 nost
841 2766 944 2831 flagella
961 2768 1040 2827 vada,
1058 2775 1118 2832 post
1144 2767 1245 2816 diuersa
1270 2765 1377 2829 denique
1399 2779 1507 2828 genera.

304 2857 489 2901 tormentorum
507 2854 628 2903 innocens
647 2854 700 2901 sine
727 2868 806 2902 causa
832 2854 975 2914 damnatur,
1005 2861 1031 2901 et
1057 2854 1158 2901 demum
1187 2859 1317 2900 saturatus
1331 2850 1493 2915 'opprobriis

303 2935 384 2987 clauis
403 2935 504 3000 affixus,
522 2947 595 2989 aceto
613 2947 639 2988 et
656 2937 715 2988 felle
732 2947 844 3003 potatus,
862 2937 996 2988 confossus
1021 2938 1112 2986 lancea
1137 2937 1163 2985 in
1192 2938 1274 2986 crucis
1299 2936 1414 3000 patibulo
1441 2943 1493 2985 tam

306 3021 358 3070 dire
377 3022 467 3072 mortis
486 3023 564 3072 subiit
581 3023 735 3087 passionem,
753 3024 902 3088 mysterium
920 3024 1099 3087 redemptionis
1117 3030 1204 3071 nostre
1221 3021 1361 3086 perficiens,
1373 3022 1427 3070 sine
1444 3035 1495 3084 qua

305 3121 394 3170 parum
415 3108 490 3158 nobis
507 3109 629 3158 natiuitas
647 3108 792 3173 profuisset.
828 3106 891 3168 Quia
914 3109 994 3172 igitur
1015 3109 1062 3157 hec
1080 3112 1099 3156 dr
1119 3107 1171 3157 alia
1187 3107 1315 3169 largitatis
1333 3106 1416 3155 diuino
1434 3107 1494 3155 cha·

305 3191 411 3241 rismata
428 3191 495 3241 infra
512 3194 622 3257 pectoris
641 3194 753 3242 claustra
775 3194 859 3242 dehita
886 3202 912 3244 et
937 3193 1060 3257 frequenti
1087 3193 1252 3242 meditatione
1281 3191 1417 3239 resoluens
1443 3205 1495 3239 non

305 3276 373 3327 intus
391 3275 487 3327 feruida
506 3278 561 3328 acle
580 3279 725 3328 deuotionis
743 3294 865 3329 accensus
884 3278 990 3338 seruent,
1014 3278 1074 3328 foris
1093 3279 1207 3340 ebulliat,
1225 3279 1353 3327 exclamet
1370 3285 1396 3324 et
1413 3276 1494 3324 dieat:

302 3359 372 3422 Quid
390 3363 527 3413 retribuam
546 3364 649 3413 domiuo
666 3380 713 3428 pro
731 3365 847 3414 omnibus
866 3378 914 3427 que
932 3364 1050 3413 retribuit
1066 3363 1144 3411 mihi?
1174 3371 1201 3412 et
1218 3379 1268 3412 non
1286 3370 1423 3425 expectato
1441 3376 1494 3409 mo·
1562 3420 1566 3429 .

304 3447 393 3498 nitoris
411 3447 451 3496 rel
470 3449 645 3499 sollicitatoris
664 3448 750 3498 officio
768 3449 907 3511 subiungat
922 3448 1060 3510 ultroneos,
1087 3448 1192 3497 calicem
1221 3447 1341 3496 salutaris
1371 3445 1495 3508 accipiam

302 3541 330 3582 et
347 3548 441 3583 nomen
460 3533 554 3583 domini
573 3534 706 3583 inuocabo.
744 3532 826 3594 Quem
844 3549 894 3583 non
912 3535 1007 3598 pudeat
1023 3533 1213 3595 ingratitudinis
1232 3533 1311 3594 argui,
1329 3531 1389 3594 quin
1409 3530 1495 3593 potius

302 3618 336 3668 de
353 3619 503 3669 infidelitate
520 3620 612 3679 notari,
631 3620 651 3669 si
671 3620 781 3669 creatori
806 3620 908 3684 proprio
934 3619 1047 3669 benefico
1075 3618 1324 3682 domino,·pijssimo
1342 3618 1495 3681 redemptori

302 3702 375 3753 tante
393 3705 552 3756 necessitatis
570 3713 684 3769 ternpore
711 3721 762 3756 non
789 3706 901 3765 assistat,
928 3707 988 3755 dum
1015 3704 1163 3754 hereditatis
1193 3718 1238 3752 sue
1264 3703 1401 3764 funiculus,
1428 3711 1496 3752 terra

299 3798 403 3851 sanctu,
421 3805 497 3854 quam
516 3792 562 3841 sibi
590 3799 700 3842 testatur
730 3793 853 3857 scripture
875 3807 948 3841 sacre
974 3791 1147 3842 testimonium
1174 3789 1287 3839 omnium
1317 3789 1443 3837 cariorem
1469 3788 1495 3837 in

299 3861 699 3927 christianitatis'contusionem
717 3885 742 3927 et
760 3877 869 3927 dedecus
888 3892 933 3942 per
958 3876 1067 3926 nominis
1095 3875 1233 3926 Christiani
1260 3875 1423 3938 blasphemos
1449 3889 1495 3938 pre

295 3969 376 4025 perte
393 3961 508 4012 maxima
526 3970 651 4027 occupata
669 3972 777 4024 tenetur,
796 3971 822 4013 et
839 3965 872 4012 ad
890 3965 1084 4027 occupationem
1102 3962 1194 4012 residui
1205 3977 1250 4026 per
1261 3960 1496 4010 eosdeminstantia

295 4044 396 4097 infeste
414 4047 597 4112 persecutionis
616 4049 746 4109 insistitur,
764 4063 887 4112 supereo
906 4050 1008 4098 assidue
1026 4048 1051 4097 ln
1075 4049 1187 4112 partibus
1214 4047 1264 4096 illis
1293 4046 1402 4109 populus
1422 4043 1495 4094 Chri-

296 4134 401 4182 stianus
419 4133 557 4197 impetitur,
576 4142 602 4182 et
619 4133 733 4183 molestis
750 4132 951 4196 impetitionibus
969 4132 1112 4182 infestatur.
1158 4132 1194 4181 Iit
1220 4132 1321 4195 quidem
1348 4131 1368 4179 si
1387 4129 1495 4178 facultas

294 4218 435 4267 resistendi
454 4225 620 4281 competeret,
639 4234 690 4268 non
707 4227 836 4283 pateretur
854 4218 945 4280 aliquis
973 4218 1068 4281 absque
1094 4220 1192 4267 deserte
1222 4217 1279 4267 fidei
1309 4216 1429 4280 scrupulo
1457 4214 1495 4263 sui

297 4303 400 4352 domini
420 4304 567 4367 temporalis
584 4304 624 4354 vel
652 4306 734 4354 vicum
761 4304 872 4366 aliquem
894 4305 1022 4368 occupari,
1048 4310 1073 4352 et
1098 4303 1247 4353 hereditatis
1273 4302 1399 4352 dominice
1425 4302 1496 4350 inua-

295 4400 373 4438 serat
391 4388 480 4438 fideles
497 4388 602 4438 ulterius
625 4390 767 4453 patientur?
801 4389 922 4452 Nunquid
947 4389 1096 4438 marccbunt
1121 4389 1184 4448 otio,
1213 4397 1258 4438 aut
1281 4387 1351 4438 ocius
1378 4401 1430 4436 non
1448 4400 1494 4434 ex-

298 4481 396 4537 urgent
414 4468 596 4534 adjritandum
614 4482 684 4523 tante
702 4483 761 4524 note
780 4474 933 4524 discrimen?
969 4473 1107 4537 Exurgant
1124 4480 1209 4544 ltaque
1233 4473 1275 4536 qui
1301 4479 1361 4521 sunt
1389 4470 1494 4531 Christi,

302 4565 333 4607 ct
347 4574 374 4609 se
392 4558 471 4623 ipsius
490 4574 545 4609 esse
563 4575 614 4609 non
632 4560 717 4609 solum
735 4561 837 4609 nemine
856 4560 900 4608 sed
918 4574 994 4622 opere
1011 4541 1148 4608 fateantur.
1196 4558 1333 4620 Exurgant
1358 4557 1444 4619 vtique
1467 4555 1495 4604 in

301 4640 374 4694 illius
392 4643 525 4694 auxilium.
572 4643 710 4705 Exurgant
735 4646 767 4693 ad
792 4645 880 4693 salutis
899 4658 944 4692 sue
962 4645 1149 4707 compendium,
1167 4650 1193 4693 et
1209 4643 1281 4692 illam
1298 4643 1382 4692 breuia
1399 4640 1496 4691 laboris

306 4729 389 4790 pretio
410 4729 589 4791 compendiose
616 4735 766 4777 mercentur.
809 4727 883 4777 Nunc
901 4730 1020 4792 precipue
1038 4729 1098 4777 dum
1115 4730 1142 4777 in
1160 4742 1234 4776 sacro
1252 4726 1361 4777 concilio
1390 4727 1424 4774 ad
1446 4726 1497 4774 hoc

307 4810 339 4874 ijs
356 4813 444 4864 dicbus
463 4813 529 4862 inter
547 4822 633 4863 cetera
650 4813 728 4863 immo
750 4828 794 4876 pre
820 4813 909 4863 ceteris
932 4812 1077 4876 specialiter
1100 4819 1264 4875 congregato,
1292 4812 1405 4861 eiusdem
1431 4817 1497 4859 terre
