<?xml version="1.0" encoding="UTF-8"?>
<!DOCTYPE html PUBLIC "-//W3C//DTD XHTML 1.0 Transitional//EN"
    "http://www.w3.org/TR/xhtml1/DTD/xhtml1-transitional.dtd">
<html xmlns="http://www.w3.org/1999/xhtml" xml:lang="en" lang="en">
 <head>
  <title>
</title>
<meta http-equiv="Content-Type" content="text/html;charset=utf-8" />
  <meta name='ocr-system' content='tesseract 3.04.00' />
  <meta name='ocr-capabilities' content='ocr_page ocr_carea ocr_par ocr_line ocrx_word'/>
</head>
<body>
  <div class='ocr_page' id='page_1' title='image "./paveligenuntier00nuncgoog_0088.png"; bbox 0 0 3584 5625; ppageno 0'>
   <div class='ocr_carea' id='block_1_1' title="bbox 917 487 956 545">
    <p class='ocr_par' dir='ltr' id='par_1_1' title="bbox 917 487 956 545">
     <span class='ocr_line' id='line_1_1' title="bbox 917 487 956 545; baseline -0.026 0"><span class='ocrx_word' id='word_1_1' title='bbox 917 487 956 545; x_wconf 79' lang='grc'>76</span> 
     </span>
    </p>
   </div>
   <div class='ocr_carea' id='block_1_2' title="bbox 350 673 1533 953">
    <p class='ocr_par' dir='ltr' id='par_1_2' title="bbox 350 673 1533 953">
     <span class='ocr_line' id='line_1_2' title="bbox 431 673 1533 751; baseline 0.005 -20"><span class='ocrx_word' id='word_1_2' title='bbox 431 674 514 731; x_wconf 88' lang='lat' dir='ltr'>Item.</span> <span class='ocrx_word' id='word_1_3' title='bbox 534 673 670 732; x_wconf 89' lang='lat' dir='ltr'>Balteum</span> <span class='ocrx_word' id='word_1_4' title='bbox 693 682 861 750; x_wconf 87' lang='lat' dir='ltr'>argenteum</span> <span class='ocrx_word' id='word_1_5' title='bbox 883 692 950 732; x_wconf 89' lang='lat' dir='ltr'>cum</span> <span class='ocrx_word' id='word_1_6' title='bbox 973 690 1081 732; x_wconf 88' lang='lat' dir='ltr'>corona</span> <span class='ocrx_word' id='word_1_7' title='bbox 1103 682 1241 751; x_wconf 85' lang='lat' dir='ltr'>argentes</span> <span class='ocrx_word' id='word_1_8' title='bbox 1263 676 1299 734; x_wconf 83' lang='lat' dir='ltr'>de</span> <span class='ocrx_word' id='word_1_9' title='bbox 1309 685 1413 736; x_wconf 90' lang='lat' dir='ltr'>aurata</span> <span class='ocrx_word' id='word_1_10' title='bbox 1423 677 1533 736; x_wconf 88' lang='lat' dir='ltr'>valoris</span> 
     </span>
     <span class='ocr_line' id='line_1_3' title="bbox 350 772 889 851; baseline 0.004 -20"><span class='ocrx_word' id='word_1_11' title='bbox 350 802 384 813; x_wconf 97' lang='lat'><em>-</em></span> <span class='ocrx_word' id='word_1_12' title='bbox 410 774 446 850; x_wconf 85' lang='lat' dir='ltr'>ij.</span> <span class='ocrx_word' id='word_1_13' title='bbox 468 793 520 833; x_wconf 88' lang='lat' dir='ltr'>mr.</span> <span class='ocrx_word' id='word_1_14' title='bbox 541 794 607 833; x_wconf 87' lang='lat' dir='ltr'>cum</span> <span class='ocrx_word' id='word_1_15' title='bbox 629 772 747 833; x_wconf 91' lang='lat' dir='ltr'>dimidia</span> <span class='ocrx_word' id='word_1_16' title='bbox 769 774 889 851; x_wconf 87' lang='lat' dir='ltr'>argenti.</span> 
     </span>
     <span class='ocr_line' id='line_1_4' title="bbox 430 876 1072 953; baseline 0.002 -20"><span class='ocrx_word' id='word_1_17' title='bbox 430 876 506 934; x_wconf 84' lang='lat' dir='ltr'><strong>Item</strong></span> <span class='ocrx_word' id='word_1_18' title='bbox 527 894 616 934; x_wconf 88' lang='lat' dir='ltr'>vnum</span> <span class='ocrx_word' id='word_1_19' title='bbox 638 893 728 934; x_wconf 84' lang='lat' dir='ltr'>cornu</span> <span class='ocrx_word' id='word_1_20' title='bbox 749 894 803 951; x_wconf 88' lang='lat' dir='ltr'>pro</span> <span class='ocrx_word' id='word_1_21' title='bbox 826 904 864 913; x_wconf 89' lang='lat'>—</span> <span class='ocrx_word' id='word_1_22' title='bbox 887 877 914 952; x_wconf 89' lang='lat' dir='ltr'>.j.</span> <span class='ocrx_word' id='word_1_23' title='bbox 936 895 988 934; x_wconf 91' lang='lat' dir='ltr'>mr.</span> <span class='ocrx_word' id='word_1_24' title='bbox 1012 894 1072 953; x_wconf 88' lang='lat' dir='ltr'>arg.</span> 
     </span>
    </p>
   </div>
   <div class='ocr_carea' id='block_1_3' title="bbox 292 976 1538 2273">
    <p class='ocr_par' dir='ltr' id='par_1_3' title="bbox 346 976 1533 1161">
     <span class='ocr_line' id='line_1_5' title="bbox 431 976 1533 1055; baseline 0.006 -21"><span class='ocrx_word' id='word_1_25' title='bbox 431 977 505 1034; x_wconf 90' lang='lat' dir='ltr'>Item</span> <span class='ocrx_word' id='word_1_26' title='bbox 527 976 643 1053; x_wconf 90' lang='lat' dir='ltr'>ciphum</span> <span class='ocrx_word' id='word_1_27' title='bbox 665 986 832 1053; x_wconf 88' lang='lat' dir='ltr'>argenteum</span> <span class='ocrx_word' id='word_1_28' title='bbox 856 994 922 1035; x_wconf 91' lang='lat' dir='ltr'>cum</span> <span class='ocrx_word' id='word_1_29' title='bbox 944 978 1018 1052; x_wconf 90' lang='lat' dir='ltr'>pede</span> <span class='ocrx_word' id='word_1_30' title='bbox 1040 986 1068 1035; x_wconf 87' lang='lat' dir='ltr'>et</span> <span class='ocrx_word' id='word_1_31' title='bbox 1090 980 1272 1055; x_wconf 86' lang='lat' dir='ltr'>coopertorio</span> <span class='ocrx_word' id='word_1_32' title='bbox 1296 983 1466 1040; x_wconf 88' lang='lat' dir='ltr'>deauratum</span> <span class='ocrx_word' id='word_1_33' title='bbox 1489 983 1533 1041; x_wconf 90' lang='lat' dir='ltr'>iu·</span> 
     </span>
     <span class='ocr_line' id='line_1_6' title="bbox 346 1076 1468 1161; baseline 0.006 -26"><span class='ocrx_word' id='word_1_34' title='bbox 346 1087 393 1137; x_wconf 91' lang='lat' dir='ltr'>tus</span> <span class='ocrx_word' id='word_1_35' title='bbox 415 1088 444 1137; x_wconf 91' lang='lat' dir='ltr'>et</span> <span class='ocrx_word' id='word_1_36' title='bbox 462 1078 589 1137; x_wconf 87' lang='lat' dir='ltr'>exterius</span> <span class='ocrx_word' id='word_1_37' title='bbox 610 1106 651 1116; x_wconf 92' lang='lat'>-</span> <span class='ocrx_word' id='word_1_38' title='bbox 673 1078 808 1154; x_wconf 89' lang='lat' dir='ltr'>ponderis</span> <span class='ocrx_word' id='word_1_39' title='bbox 830 1076 885 1154; x_wconf 90' lang='lat' dir='ltr'>.vij.</span> <span class='ocrx_word' id='word_1_40' title='bbox 908 1097 959 1136; x_wconf 87' lang='lat' dir='ltr'>mr.</span> <span class='ocrx_word' id='word_1_41' title='bbox 981 1098 1046 1138; x_wconf 89' lang='lat' dir='ltr'>cum</span> <span class='ocrx_word' id='word_1_42' title='bbox 1069 1079 1117 1155; x_wconf 91' lang='lat' dir='ltr'>.iij.</span> <span class='ocrx_word' id='word_1_43' title='bbox 1139 1080 1196 1138; x_wconf 90' lang='lat' dir='ltr'>oris</span> <span class='ocrx_word' id='word_1_44' title='bbox 1219 1090 1248 1139; x_wconf 93' lang='lat' dir='ltr'>et</span> <span class='ocrx_word' id='word_1_45' title='bbox 1267 1082 1385 1141; x_wconf 89' lang='lat' dir='ltr'>dimidia</span> <span class='ocrx_word' id='word_1_46' title='bbox 1406 1103 1468 1161; x_wconf 86' lang='lat' dir='ltr'>arg.</span> 
     </span>
    </p>

    <p class='ocr_par' dir='ltr' id='par_1_4' title="bbox 347 1179 1535 1359">
     <span class='ocr_line' id='line_1_7' title="bbox 432 1179 1535 1262; baseline 0.008 -27"><span class='ocrx_word' id='word_1_47' title='bbox 432 1180 503 1237; x_wconf 88' lang='lat' dir='ltr'>Item</span> <span class='ocrx_word' id='word_1_48' title='bbox 527 1179 564 1255; x_wconf 80' lang='lat' dir='ltr'>ij.</span> <span class='ocrx_word' id='word_1_49' title='bbox 588 1180 687 1255; x_wconf 82' lang='lat' dir='ltr'>ciphos</span> <span class='ocrx_word' id='word_1_50' title='bbox 710 1179 756 1238; x_wconf 83' lang='lat' dir='ltr'>ix.</span> <span class='ocrx_word' id='word_1_51' title='bbox 778 1179 923 1238; x_wconf 82' lang='lat' dir='ltr'>coclearia</span> <span class='ocrx_word' id='word_1_52' title='bbox 944 1199 1010 1238; x_wconf 88' lang='lat' dir='ltr'>eum</span> <span class='ocrx_word' id='word_1_53' title='bbox 1033 1180 1131 1257; x_wconf 88' lang='lat' dir='ltr'>paruis</span> <span class='ocrx_word' id='word_1_54' title='bbox 1153 1180 1244 1240; x_wconf 90' lang='lat' dir='ltr'>clauis</span> <span class='ocrx_word' id='word_1_55' title='bbox 1272 1183 1388 1243; x_wconf 87' lang='lat' dir='ltr'>minutis</span> <span class='ocrx_word' id='word_1_56' title='bbox 1421 1185 1535 1262; x_wconf 80' lang='lat' dir='ltr'><strong>argenti</strong></span> 
     </span>
     <span class='ocr_line' id='line_1_8' title="bbox 347 1278 1115 1359; baseline 0.001 -22"><span class='ocrx_word' id='word_1_57' title='bbox 347 1280 482 1357; x_wconf 88' lang='lat' dir='ltr'>ponderis</span> <span class='ocrx_word' id='word_1_58' title='bbox 503 1308 545 1319; x_wconf 90' lang='lat'><em>-</em></span> <span class='ocrx_word' id='word_1_59' title='bbox 569 1300 606 1339; x_wconf 90' lang='lat' dir='ltr'>.v.</span> <span class='ocrx_word' id='word_1_60' title='bbox 627 1300 679 1339; x_wconf 88' lang='lat' dir='ltr'>mr.</span> <span class='ocrx_word' id='word_1_61' title='bbox 701 1299 776 1340; x_wconf 87' lang='lat' dir='ltr'>cum.</span> <span class='ocrx_word' id='word_1_62' title='bbox 794 1278 818 1355; x_wconf 90' lang='lat' dir='ltr'>j.</span> <span class='ocrx_word' id='word_1_63' title='bbox 841 1300 892 1339; x_wconf 87' lang='lat' dir='ltr'>ora</span> <span class='ocrx_word' id='word_1_64' title='bbox 914 1289 943 1338; x_wconf 90' lang='lat' dir='ltr'>et</span> <span class='ocrx_word' id='word_1_65' title='bbox 962 1280 1034 1338; x_wconf 74' lang='lat' dir='ltr'>dim!</span> <span class='ocrx_word' id='word_1_66' title='bbox 1055 1300 1115 1359; x_wconf 88' lang='lat' dir='ltr'>arg.</span> 
     </span>
    </p>

    <p class='ocr_par' dir='ltr' id='par_1_5' title="bbox 348 1380 1537 1660">
     <span class='ocr_line' id='line_1_9' title="bbox 431 1380 1537 1463; baseline 0.006 -25"><span class='ocrx_word' id='word_1_67' title='bbox 431 1380 505 1440; x_wconf 89' lang='lat' dir='ltr'>Item</span> <span class='ocrx_word' id='word_1_68' title='bbox 526 1401 563 1440; x_wconf 88' lang='lat' dir='ltr'>.v.</span> <span class='ocrx_word' id='word_1_69' title='bbox 586 1382 690 1442; x_wconf 82' lang='lat' dir='ltr'>fibulas</span> <span class='ocrx_word' id='word_1_70' title='bbox 712 1401 815 1441; x_wconf 88' lang='lat' dir='ltr'>aureas</span> <span class='ocrx_word' id='word_1_71' title='bbox 837 1400 904 1441; x_wconf 89' lang='lat' dir='ltr'>cum</span> <span class='ocrx_word' id='word_1_72' title='bbox 926 1380 1071 1459; x_wconf 85' lang='lat' dir='ltr'>lapidibus</span> <span class='ocrx_word' id='word_1_73' title='bbox 1092 1402 1150 1440; x_wconf 91' lang='lat' dir='ltr'>non</span> <span class='ocrx_word' id='word_1_74' title='bbox 1172 1383 1310 1459; x_wconf 75' lang='lat' dir='ltr'>preciosis</span> <span class='ocrx_word' id='word_1_75' title='bbox 1342 1396 1370 1445; x_wconf 90' lang='lat' dir='ltr'>et</span> <span class='ocrx_word' id='word_1_76' title='bbox 1402 1387 1537 1463; x_wconf 90' lang='lat' dir='ltr'>paruulis</span> 
     </span>
     <span class='ocr_line' id='line_1_10' title="bbox 348 1479 1536 1563; baseline 0.006 -23"><span class='ocrx_word' id='word_1_77' title='bbox 348 1489 377 1541; x_wconf 94' lang='lat' dir='ltr'>et</span> <span class='ocrx_word' id='word_1_78' title='bbox 398 1481 435 1559; x_wconf 90' lang='lat' dir='ltr'>.ij.</span> <span class='ocrx_word' id='word_1_79' title='bbox 458 1482 580 1542; x_wconf 91' lang='lat' dir='ltr'>annulos</span> <span class='ocrx_word' id='word_1_80' title='bbox 603 1502 669 1543; x_wconf 89' lang='lat' dir='ltr'>cum</span> <span class='ocrx_word' id='word_1_81' title='bbox 691 1479 836 1558; x_wconf 82' lang='lat' dir='ltr'>lapidibus</span> <span class='ocrx_word' id='word_1_82' title='bbox 858 1491 887 1540; x_wconf 92' lang='lat' dir='ltr'>et</span> <span class='ocrx_word' id='word_1_83' title='bbox 908 1501 998 1541; x_wconf 89' lang='lat' dir='ltr'>unum</span> <span class='ocrx_word' id='word_1_84' title='bbox 1018 1481 1078 1541; x_wconf 91' lang='lat' dir='ltr'>sine</span> <span class='ocrx_word' id='word_1_85' title='bbox 1106 1483 1203 1561; x_wconf 86' lang='lat' dir='ltr'>lapide</span> <span class='ocrx_word' id='word_1_86' title='bbox 1231 1486 1295 1545; x_wconf 89' lang='lat' dir='ltr'>auri</span> <span class='ocrx_word' id='word_1_87' title='bbox 1327 1488 1462 1563; x_wconf 88' lang='lat' dir='ltr'>ponderis</span> <span class='ocrx_word' id='word_1_88' title='bbox 1495 1516 1536 1527; x_wconf 93' lang='lat'><em>-</em></span> 
     </span>
     <span class='ocr_line' id='line_1_11' title="bbox 348 1573 1034 1660; baseline 0.001 -19"><span class='ocrx_word' id='word_1_89' title='bbox 348 1582 436 1660; x_wconf 83' lang='lat' dir='ltr'>.xviij.</span> <span class='ocrx_word' id='word_1_90' title='bbox 460 1601 576 1642; x_wconf 90' lang='lat' dir='ltr'>orarum</span> <span class='ocrx_word' id='word_1_91' title='bbox 599 1604 663 1644; x_wconf 88' lang='lat' dir='ltr'>cum</span> <span class='ocrx_word' id='word_1_92' title='bbox 687 1583 804 1643; x_wconf 90' lang='lat' dir='ltr'>dimidio</span> <span class='ocrx_word' id='word_1_93' title='bbox 826 1583 921 1642; x_wconf 90' lang='lat' dir='ltr'>solido</span> <span class='ocrx_word' id='word_1_94' title='bbox 943 1573 1034 1642; x_wconf 85' lang='lat' dir='ltr'>auri.¹</span> 
     </span>
    </p>

    <p class='ocr_par' dir='ltr' id='par_1_6' title="bbox 292 1685 1538 1863">
     <span class='ocr_line' id='line_1_12' title="bbox 431 1685 1538 1765; baseline 0.005 -22"><span class='ocrx_word' id='word_1_95' title='bbox 431 1685 505 1744; x_wconf 88' lang='lat' dir='ltr'>Item</span> <span class='ocrx_word' id='word_1_96' title='bbox 526 1694 610 1762; x_wconf 90' lang='lat' dir='ltr'>pater</span> <span class='ocrx_word' id='word_1_97' title='bbox 631 1694 727 1744; x_wconf 88' lang='lat' dir='ltr'>noster</span> <span class='ocrx_word' id='word_1_98' title='bbox 749 1704 815 1744; x_wconf 88' lang='lat' dir='ltr'>cum</span> <span class='ocrx_word' id='word_1_99' title='bbox 838 1703 925 1743; x_wconf 87' lang='lat' dir='ltr'>cruce</span> <span class='ocrx_word' id='word_1_100' title='bbox 946 1686 1060 1745; x_wconf 87' lang='lat' dir='ltr'>nodolis</span> <span class='ocrx_word' id='word_1_101' title='bbox 1082 1696 1110 1745; x_wconf 95' lang='lat' dir='ltr'>et</span> <span class='ocrx_word' id='word_1_102' title='bbox 1132 1687 1277 1764; x_wconf 80' lang='lat' dir='ltr'>lapidibus</span> <span class='ocrx_word' id='word_1_103' title='bbox 1297 1707 1333 1748; x_wconf 90' lang='lat' dir='ltr'>ae</span> <span class='ocrx_word' id='word_1_104' title='bbox 1355 1685 1420 1764; x_wconf 89' lang='lat' dir='ltr'>alijs</span> <span class='ocrx_word' id='word_1_105' title='bbox 1437 1687 1538 1765; x_wconf 87' lang='lat' dir='ltr'>paruis</span> 
     </span>
     <span class='ocr_line' id='line_1_13' title="bbox 292 1783 1468 1863; baseline -0.001 -18"><span class='ocrx_word' id='word_1_106' title='bbox 292 1783 298 1802; x_wconf 86' lang='lat'><em>&#39;</em></span> <span class='ocrx_word' id='word_1_107' title='bbox 348 1804 537 1845; x_wconf 89' lang='lat' dir='ltr'>manuearum</span> <span class='ocrx_word' id='word_1_108' title='bbox 560 1783 660 1859; x_wconf 87' lang='lat' dir='ltr'>clauis,</span> <span class='ocrx_word' id='word_1_109' title='bbox 680 1786 787 1846; x_wconf 87' lang='lat' dir='ltr'>valoris</span> <span class='ocrx_word' id='word_1_110' title='bbox 809 1786 835 1862; x_wconf 88' lang='lat' dir='ltr'>.j.</span> <span class='ocrx_word' id='word_1_111' title='bbox 860 1806 912 1845; x_wconf 89' lang='lat' dir='ltr'>mr.</span> <span class='ocrx_word' id='word_1_112' title='bbox 934 1787 1056 1863; x_wconf 81' lang='lat' dir='ltr'>argenti.</span> <span class='ocrx_word' id='word_1_113' title='bbox 1465 1797 1468 1802; x_wconf 83' lang='grc'><strong>’</strong></span> 
     </span>
    </p>

    <p class='ocr_par' dir='ltr' id='par_1_7' title="bbox 353 1888 1534 2065">
     <span class='ocr_line' id='line_1_14' title="bbox 432 1888 1534 1975; baseline 0.004 -29"><span class='ocrx_word' id='word_1_114' title='bbox 432 1888 507 1947; x_wconf 91' lang='lat' dir='ltr'>Item</span> <span class='ocrx_word' id='word_1_115' title='bbox 529 1907 618 1947; x_wconf 90' lang='lat' dir='ltr'>unum</span> <span class='ocrx_word' id='word_1_116' title='bbox 641 1888 762 1947; x_wconf 78' lang='lat' dir='ltr'>calisam</span> <span class='ocrx_word' id='word_1_117' title='bbox 784 1906 850 1947; x_wconf 85' lang='lat' dir='ltr'>eum</span> <span class='ocrx_word' id='word_1_118' title='bbox 872 1897 979 1965; x_wconf 90' lang='lat' dir='ltr'>patena</span> <span class='ocrx_word' id='word_1_119' title='bbox 999 1889 1122 1948; x_wconf 80' lang='lat' dir='ltr'>fractum</span> <span class='ocrx_word' id='word_1_120' title='bbox 1143 1889 1262 1950; x_wconf 90' lang='lat' dir='ltr'>interius</span> <span class='ocrx_word' id='word_1_121' title='bbox 1272 1890 1383 1968; x_wconf 84' lang='lat' dir='ltr'>argenti</span> <span class='ocrx_word' id='word_1_122' title='bbox 1395 1889 1534 1975; x_wconf 86' lang='lat' dir='ltr'>ponderis</span> 
     </span>
     <span class='ocr_line' id='line_1_15' title="bbox 353 2008 613 2065; baseline 0 -19"><span class='ocrx_word' id='word_1_123' title='bbox 353 2018 376 2027; x_wconf 90' lang='lat'>-</span> <span class='ocrx_word' id='word_1_124' title='bbox 413 2008 461 2065; x_wconf 72' lang='lat' dir='ltr'>aq.</span> <span class='ocrx_word' id='word_1_125' title='bbox 486 2008 529 2048; x_wconf 89' lang='lat' dir='ltr'>or.</span> <span class='ocrx_word' id='word_1_126' title='bbox 552 2009 613 2065; x_wconf 88' lang='lat' dir='ltr'>arg.</span> 
     </span>
    </p>

    <p class='ocr_par' dir='ltr' id='par_1_8' title="bbox 346 2091 1537 2273">
     <span class='ocr_line' id='line_1_16' title="bbox 431 2091 1537 2170; baseline 0.003 -21"><span class='ocrx_word' id='word_1_127' title='bbox 431 2091 503 2149; x_wconf 92' lang='lat' dir='ltr'>ltem</span> <span class='ocrx_word' id='word_1_128' title='bbox 526 2110 616 2161; x_wconf 84' lang='lat' dir='ltr'>unum</span> <span class='ocrx_word' id='word_1_129' title='bbox 638 2110 691 2151; x_wconf 86' lang='lat' dir='ltr'>vas</span> <span class='ocrx_word' id='word_1_130' title='bbox 712 2100 881 2168; x_wconf 88' lang='lat' dir='ltr'>argenteum</span> <span class='ocrx_word' id='word_1_131' title='bbox 903 2111 969 2151; x_wconf 90' lang='lat' dir='ltr'>eum</span> <span class='ocrx_word' id='word_1_132' title='bbox 990 2092 1082 2151; x_wconf 81' lang='lat' dir='ltr'>fracta</span> <span class='ocrx_word' id='word_1_133' title='bbox 1104 2092 1195 2152; x_wconf 89' lang='lat' dir='ltr'>calice</span> <span class='ocrx_word' id='word_1_134' title='bbox 1216 2103 1245 2151; x_wconf 92' lang='lat' dir='ltr'>et</span> <span class='ocrx_word' id='word_1_135' title='bbox 1266 2102 1373 2170; x_wconf 87' lang='lat' dir='ltr'>patena</span> <span class='ocrx_word' id='word_1_136' title='bbox 1394 2102 1537 2169; x_wconf 85' lang='lat' dir='ltr'>argentea</span> 
     </span>
     <span class='ocr_line' id='line_1_17' title="bbox 346 2191 1536 2273; baseline 0.004 -23"><span class='ocrx_word' id='word_1_137' title='bbox 346 2191 393 2251; x_wconf 87' lang='lat' dir='ltr'>vel</span> <span class='ocrx_word' id='word_1_138' title='bbox 416 2192 559 2251; x_wconf 86' lang='lat' dir='ltr'>coclearia</span> <span class='ocrx_word' id='word_1_139' title='bbox 581 2212 647 2252; x_wconf 89' lang='lat' dir='ltr'>cum</span> <span class='ocrx_word' id='word_1_140' title='bbox 668 2193 775 2252; x_wconf 88' lang='lat' dir='ltr'>lamina</span> <span class='ocrx_word' id='word_1_141' title='bbox 797 2202 935 2269; x_wconf 87' lang='lat' dir='ltr'>argentea</span> <span class='ocrx_word' id='word_1_142' title='bbox 957 2194 1042 2253; x_wconf 87' lang='lat' dir='ltr'>clauo</span> <span class='ocrx_word' id='word_1_143' title='bbox 1063 2193 1152 2252; x_wconf 90' lang='lat' dir='ltr'>baltei</span> <span class='ocrx_word' id='word_1_144' title='bbox 1175 2205 1203 2253; x_wconf 92' lang='lat' dir='ltr'>et</span> <span class='ocrx_word' id='word_1_145' title='bbox 1231 2214 1289 2254; x_wconf 89' lang='lat' dir='ltr'>vno</span> <span class='ocrx_word' id='word_1_146' title='bbox 1317 2197 1428 2255; x_wconf 90' lang='lat' dir='ltr'>Boemo</span> <span class='ocrx_word' id='word_1_147' title='bbox 1462 2215 1536 2273; x_wconf 91' lang='lat' dir='ltr'>pon·</span> 
     </span>
    </p>
   </div>
   <div class='ocr_carea' id='block_1_4' title="bbox 346 2381 1540 3899">
    <p class='ocr_par' dir='ltr' id='par_1_9' title="bbox 348 2381 1537 2576">
     <span class='ocr_line' id='line_1_18' title="bbox 430 2381 1537 2474; baseline 0.003 -21"><span class='ocrx_word' id='word_1_148' title='bbox 430 2396 505 2454; x_wconf 91' lang='lat' dir='ltr'>Item</span> <span class='ocrx_word' id='word_1_149' title='bbox 526 2396 556 2454; x_wconf 91' lang='lat' dir='ltr'>in</span> <span class='ocrx_word' id='word_1_150' title='bbox 576 2396 684 2473; x_wconf 85' lang='lat' dir='ltr'>grossis</span> <span class='ocrx_word' id='word_1_151' title='bbox 694 2381 913 2456; x_wconf 88' lang='lat' dir='ltr'>Turonensibus</span> <span class='ocrx_word' id='word_1_152' title='bbox 925 2396 1077 2474; x_wconf 88' lang='lat' dir='ltr'>Sterlingis</span> <span class='ocrx_word' id='word_1_153' title='bbox 1089 2396 1247 2457; x_wconf 89' lang='lat' dir='ltr'>etBoemis</span> <span class='ocrx_word' id='word_1_154' title='bbox 1267 2399 1402 2474; x_wconf 88' lang='lat' dir='ltr'>ponderis</span> <span class='ocrx_word' id='word_1_155' title='bbox 1427 2428 1464 2436; x_wconf 92' lang='lat'>-</span> <span class='ocrx_word' id='word_1_156' title='bbox 1488 2396 1537 2473; x_wconf 86' lang='lat' dir='ltr'>.vj.</span> 
     </span>
     <span class='ocr_line' id='line_1_19' title="bbox 348 2498 1468 2576; baseline 0.001 -21"><span class='ocrx_word' id='word_1_157' title='bbox 348 2516 390 2555; x_wconf 88' lang='lat' dir='ltr'>or.</span> <span class='ocrx_word' id='word_1_158' title='bbox 413 2516 479 2555; x_wconf 90' lang='lat' dir='ltr'>cnm</span> <span class='ocrx_word' id='word_1_159' title='bbox 502 2498 619 2557; x_wconf 87' lang='lat' dir='ltr'>dimidia</span> <span class='ocrx_word' id='word_1_160' title='bbox 641 2517 702 2576; x_wconf 88' lang='lat' dir='ltr'>arg.</span> <span class='ocrx_word' id='word_1_161' title='bbox 1464 2505 1468 2516; x_wconf 91' lang='lat'><em>&#39;</em></span> 
     </span>
    </p>

    <p class='ocr_par' dir='ltr' id='par_1_10' title="bbox 346 2598 1536 2882">
     <span class='ocr_line' id='line_1_20' title="bbox 429 2598 1534 2678; baseline 0.002 -21"><span class='ocrx_word' id='word_1_162' title='bbox 429 2598 504 2658; x_wconf 92' lang='lat' dir='ltr'>Item</span> <span class='ocrx_word' id='word_1_163' title='bbox 526 2618 564 2659; x_wconf 85' lang='lat' dir='ltr'>.x.</span> <span class='ocrx_word' id='word_1_164' title='bbox 586 2600 708 2660; x_wconf 89' lang='lat' dir='ltr'>annulos</span> <span class='ocrx_word' id='word_1_165' title='bbox 730 2600 801 2677; x_wconf 79' lang='lat' dir='ltr'>¹riijtr</span> <span class='ocrx_word' id='word_1_166' title='bbox 812 2599 918 2661; x_wconf 89' lang='lat' dir='ltr'>fibulas</span> <span class='ocrx_word' id='word_1_167' title='bbox 939 2619 1043 2660; x_wconf 89' lang='lat' dir='ltr'>aureas</span> <span class='ocrx_word' id='word_1_168' title='bbox 1060 2619 1126 2660; x_wconf 88' lang='lat' dir='ltr'>cum</span> <span class='ocrx_word' id='word_1_169' title='bbox 1137 2598 1259 2661; x_wconf 91' lang='lat' dir='ltr'>diuersis</span> <span class='ocrx_word' id='word_1_170' title='bbox 1269 2600 1414 2678; x_wconf 86' lang='lat' dir='ltr'>lapidibus</span> <span class='ocrx_word' id='word_1_171' title='bbox 1425 2599 1534 2677; x_wconf 89' lang='lat' dir='ltr'>aliqui-</span> 
     </span>
     <span class='ocr_line' id='line_1_21' title="bbox 346 2701 1536 2780; baseline 0.003 -21"><span class='ocrx_word' id='word_1_172' title='bbox 346 2703 400 2760; x_wconf 89' lang='lat' dir='ltr'>bus</span> <span class='ocrx_word' id='word_1_173' title='bbox 421 2702 519 2761; x_wconf 87' lang='lat' dir='ltr'>vitreis</span> <span class='ocrx_word' id='word_1_174' title='bbox 539 2703 612 2763; x_wconf 91' lang='lat' dir='ltr'>duas</span> <span class='ocrx_word' id='word_1_175' title='bbox 634 2721 735 2763; x_wconf 86' lang='lat' dir='ltr'>cruces</span> <span class='ocrx_word' id='word_1_176' title='bbox 756 2702 884 2780; x_wconf 86' lang='lat' dir='ltr'>aquilam</span> <span class='ocrx_word' id='word_1_177' title='bbox 906 2721 1025 2761; x_wconf 77' lang='lat' dir='ltr'>auream</span> <span class='ocrx_word' id='word_1_178' title='bbox 1047 2721 1113 2762; x_wconf 88' lang='lat' dir='ltr'>cum</span> <span class='ocrx_word' id='word_1_179' title='bbox 1137 2701 1174 2778; x_wconf 83' lang='lat' dir='ltr'>ij.</span> <span class='ocrx_word' id='word_1_180' title='bbox 1195 2702 1354 2779; x_wconf 89' lang='lat' dir='ltr'>grilonibus</span> <span class='ocrx_word' id='word_1_181' title='bbox 1376 2701 1440 2762; x_wconf 88' lang='lat' dir='ltr'>auri</span> <span class='ocrx_word' id='word_1_182' title='bbox 1459 2720 1536 2779; x_wconf 88' lang='lat' dir='ltr'>pon·</span> 
     </span>
     <span class='ocr_line' id='line_1_22' title="bbox 347 2802 1536 2882; baseline 0.003 -19"><span class='ocrx_word' id='word_1_183' title='bbox 347 2802 423 2864; x_wconf 90' lang='lat' dir='ltr'>deris</span> <span class='ocrx_word' id='word_1_184' title='bbox 447 2832 482 2842; x_wconf 97' lang='lat'>-</span> <span class='ocrx_word' id='word_1_185' title='bbox 508 2803 553 2882; x_wconf 87' lang='lat' dir='ltr'>.vj.</span> <span class='ocrx_word' id='word_1_186' title='bbox 575 2825 617 2865; x_wconf 91' lang='lat' dir='ltr'>or.</span> <span class='ocrx_word' id='word_1_187' title='bbox 641 2825 707 2866; x_wconf 89' lang='lat' dir='ltr'>cum</span> <span class='ocrx_word' id='word_1_188' title='bbox 728 2804 756 2882; x_wconf 91' lang='lat' dir='ltr'>.j.</span> <span class='ocrx_word' id='word_1_189' title='bbox 778 2804 914 2865; x_wconf 84' lang='lat' dir='ltr'>solauri.</span> <span class='ocrx_word' id='word_1_190' title='bbox 929 2804 1103 2882; x_wconf 86' lang='lat' dir='ltr'>computatis</span> <span class='ocrx_word' id='word_1_191' title='bbox 1125 2824 1177 2882; x_wconf 89' lang='lat' dir='ltr'>pro</span> <span class='ocrx_word' id='word_1_192' title='bbox 1199 2833 1241 2844; x_wconf 93' lang='lat'><em>-</em></span> <span class='ocrx_word' id='word_1_193' title='bbox 1264 2804 1312 2863; x_wconf 81' lang='lat' dir='ltr'>ix.</span> <span class='ocrx_word' id='word_1_194' title='bbox 1335 2825 1387 2864; x_wconf 88' lang='lat' dir='ltr'>mr.</span> <span class='ocrx_word' id='word_1_195' title='bbox 1412 2806 1536 2882; x_wconf 82' lang='lat' dir='ltr'>argenti.</span> 
     </span>
    </p>

    <p class='ocr_par' dir='ltr' id='par_1_11' title="bbox 348 2901 1540 3086">
     <span class='ocr_line' id='line_1_23' title="bbox 431 2901 1540 2984; baseline 0 -19"><span class='ocrx_word' id='word_1_196' title='bbox 431 2907 505 2966; x_wconf 87' lang='lat' dir='ltr'>Item</span> <span class='ocrx_word' id='word_1_197' title='bbox 527 2908 663 2968; x_wconf 88' lang='lat' dir='ltr'>Balteum</span> <span class='ocrx_word' id='word_1_198' title='bbox 684 2908 721 2967; x_wconf 92' lang='lat' dir='ltr'>de</span> <span class='ocrx_word' id='word_1_199' title='bbox 743 2907 843 2970; x_wconf 88' lang='lat' dir='ltr'>Serico</span> <span class='ocrx_word' id='word_1_200' title='bbox 866 2926 932 2967; x_wconf 86' lang='lat' dir='ltr'>cum</span> <span class='ocrx_word' id='word_1_201' title='bbox 954 2906 1011 2982; x_wconf 87' lang='lat' dir='ltr'>.vij.</span> <span class='ocrx_word' id='word_1_202' title='bbox 1045 2906 1136 2967; x_wconf 86' lang='lat' dir='ltr'>clauis</span> <span class='ocrx_word' id='word_1_203' title='bbox 1164 2901 1313 2984; x_wconf 85' lang='lat' dir='ltr'>¹argenteis</span> <span class='ocrx_word' id='word_1_204' title='bbox 1344 2902 1399 2984; x_wconf 74' lang='lat' dir='ltr'>¹pro</span> <span class='ocrx_word' id='word_1_205' title='bbox 1435 2935 1472 2946; x_wconf 95' lang='lat'><em>-</em></span> <span class='ocrx_word' id='word_1_206' title='bbox 1507 2907 1540 2984; x_wconf 87' lang='lat' dir='ltr'>.j.</span> 
     </span>
     <span class='ocr_line' id='line_1_24' title="bbox 348 3011 545 3086; baseline 0.005 -19"><span class='ocrx_word' id='word_1_207' title='bbox 348 3027 401 3068; x_wconf 87' lang='lat' dir='ltr'>mr.</span> <span class='ocrx_word' id='word_1_208' title='bbox 424 3011 545 3086; x_wconf 86' lang='lat' dir='ltr'>argenti.</span> 
     </span>
    </p>

    <p class='ocr_par' dir='ltr' id='par_1_12' title="bbox 347 3106 1537 3291">
     <span class='ocr_line' id='line_1_25' title="bbox 433 3106 1537 3188; baseline 0 -20"><span class='ocrx_word' id='word_1_209' title='bbox 433 3112 506 3169; x_wconf 90' lang='lat' dir='ltr'>Item</span> <span class='ocrx_word' id='word_1_210' title='bbox 529 3112 555 3188; x_wconf 90' lang='lat' dir='ltr'>.j.</span> <span class='ocrx_word' id='word_1_211' title='bbox 579 3121 723 3171; x_wconf 86' lang='lat' dir='ltr'>crateram</span> <span class='ocrx_word' id='word_1_212' title='bbox 746 3129 812 3170; x_wconf 90' lang='lat' dir='ltr'>eum</span> <span class='ocrx_word' id='word_1_213' title='bbox 840 3109 890 3186; x_wconf 80' lang='lat' dir='ltr'>.ij.·</span> <span class='ocrx_word' id='word_1_214' title='bbox 907 3106 1045 3169; x_wconf 76' lang='lat' dir='ltr'>*iodekar</span> <span class='ocrx_word' id='word_1_215' title='bbox 1076 3131 1162 3169; x_wconf 88' lang='lat' dir='ltr'>vnam</span> <span class='ocrx_word' id='word_1_216' title='bbox 1196 3110 1364 3186; x_wconf 89' lang='lat' dir='ltr'>amphoram</span> <span class='ocrx_word' id='word_1_217' title='bbox 1397 3129 1463 3170; x_wconf 89' lang='lat' dir='ltr'>eum</span> <span class='ocrx_word' id='word_1_218' title='bbox 1499 3109 1537 3186; x_wconf 83' lang='lat' dir='ltr'>ij.</span> 
     </span>
     <span class='ocr_line' id='line_1_26' title="bbox 347 3211 1315 3291; baseline -0.003 -19"><span class='ocrx_word' id='word_1_219' title='bbox 347 3213 446 3291; x_wconf 90' lang='lat' dir='ltr'>paruis</span> <span class='ocrx_word' id='word_1_220' title='bbox 467 3213 596 3274; x_wconf 80' lang='lat' dir='ltr'>scutellis</span> <span class='ocrx_word' id='word_1_221' title='bbox 617 3213 728 3290; x_wconf 86' lang='lat' dir='ltr'>argenti</span> <span class='ocrx_word' id='word_1_222' title='bbox 749 3212 872 3271; x_wconf 87' lang='lat' dir='ltr'>estimat.</span> <span class='ocrx_word' id='word_1_223' title='bbox 893 3231 946 3290; x_wconf 86' lang='lat' dir='ltr'>pro</span> <span class='ocrx_word' id='word_1_224' title='bbox 983 3242 1002 3250; x_wconf 49' lang='grc' dir='ltr'><strong>ν</strong></span> <span class='ocrx_word' id='word_1_225' title='bbox 1031 3212 1097 3288; x_wconf 68' lang='lat' dir='ltr'>aiij.</span> <span class='ocrx_word' id='word_1_226' title='bbox 1121 3230 1172 3271; x_wconf 89' lang='lat' dir='ltr'>mr.</span> <span class='ocrx_word' id='word_1_227' title='bbox 1194 3211 1315 3289; x_wconf 88' lang='lat' dir='ltr'>argenti.</span> 
     </span>
    </p>

    <p class='ocr_par' dir='ltr' id='par_1_13' title="bbox 349 3313 1537 3494">
     <span class='ocr_line' id='line_1_27' title="bbox 433 3313 1537 3392; baseline -0.002 -19"><span class='ocrx_word' id='word_1_228' title='bbox 433 3316 508 3374; x_wconf 88' lang='lat' dir='ltr'>Item</span> <span class='ocrx_word' id='word_1_229' title='bbox 523 3316 646 3392; x_wconf 84' lang='lat' dir='ltr'>¹eiphum</span> <span class='ocrx_word' id='word_1_230' title='bbox 668 3323 837 3392; x_wconf 89' lang='lat' dir='ltr'>argenteum</span> <span class='ocrx_word' id='word_1_231' title='bbox 859 3314 994 3390; x_wconf 80' lang='lat' dir='ltr'>ponderis</span> <span class='ocrx_word' id='word_1_232' title='bbox 1016 3343 1057 3352; x_wconf 96' lang='lat'><em>-</em></span> <span class='ocrx_word' id='word_1_233' title='bbox 1080 3313 1126 3390; x_wconf 88' lang='lat' dir='ltr'>.vj.</span> <span class='ocrx_word' id='word_1_234' title='bbox 1150 3332 1192 3372; x_wconf 86' lang='lat' dir='ltr'>or.</span> <span class='ocrx_word' id='word_1_235' title='bbox 1215 3320 1244 3372; x_wconf 86' lang='lat' dir='ltr'>et</span> <span class='ocrx_word' id='word_1_236' title='bbox 1267 3313 1305 3390; x_wconf 85' lang='lat' dir='ltr'>.ij.</span> <span class='ocrx_word' id='word_1_237' title='bbox 1326 3313 1379 3373; x_wconf 90' lang='lat' dir='ltr'>sol.</span> <span class='ocrx_word' id='word_1_238' title='bbox 1401 3332 1466 3373; x_wconf 90' lang='lat' dir='ltr'>eum</span> <span class='ocrx_word' id='word_1_239' title='bbox 1494 3313 1537 3372; x_wconf 91' lang='lat' dir='ltr'>di·</span> 
     </span>
     <span class='ocr_line' id='line_1_28' title="bbox 349 3416 578 3494; baseline -0.004 -19"><span class='ocrx_word' id='word_1_240' title='bbox 349 3416 437 3475; x_wconf 91' lang='lat' dir='ltr'>midio</span> <span class='ocrx_word' id='word_1_241' title='bbox 458 3417 578 3494; x_wconf 89' lang='lat' dir='ltr'>argenti.</span> 
     </span>
    </p>

    <p class='ocr_par' dir='ltr' id='par_1_14' title="bbox 434 3516 1440 3596">
     <span class='ocr_line' id='line_1_29' title="bbox 434 3516 1440 3596; baseline -0.003 -19"><span class='ocrx_word' id='word_1_242' title='bbox 434 3519 508 3577; x_wconf 88' lang='lat' dir='ltr'>Item</span> <span class='ocrx_word' id='word_1_243' title='bbox 531 3520 671 3596; x_wconf 88' lang='lat' dir='ltr'>quasdam</span> <span class='ocrx_word' id='word_1_244' title='bbox 693 3518 853 3578; x_wconf 86' lang='lat' dir='ltr'>decretales</span> <span class='ocrx_word' id='word_1_245' title='bbox 875 3517 1009 3595; x_wconf 85' lang='lat' dir='ltr'>Gregorij</span> <span class='ocrx_word' id='word_1_246' title='bbox 1032 3537 1086 3594; x_wconf 85' lang='lat' dir='ltr'>pro</span> <span class='ocrx_word' id='word_1_247' title='bbox 1109 3546 1147 3557; x_wconf 95' lang='lat'>-</span> <span class='ocrx_word' id='word_1_248' title='bbox 1173 3516 1221 3593; x_wconf 81' lang='lat' dir='ltr'>iij.</span> <span class='ocrx_word' id='word_1_249' title='bbox 1244 3536 1296 3576; x_wconf 88' lang='lat' dir='ltr'>mr.</span> <span class='ocrx_word' id='word_1_250' title='bbox 1319 3517 1440 3596; x_wconf 90' lang='lat' dir='ltr'>argenti.</span> 
     </span>
    </p>

    <p class='ocr_par' dir='ltr' id='par_1_15' title="bbox 433 3619 1536 3697">
     <span class='ocr_line' id='line_1_30' title="bbox 433 3619 1536 3697; baseline -0.002 -19"><span class='ocrx_word' id='word_1_251' title='bbox 433 3622 507 3679; x_wconf 90' lang='lat' dir='ltr'>Item</span> <span class='ocrx_word' id='word_1_252' title='bbox 528 3640 582 3697; x_wconf 93' lang='lat' dir='ltr'>pro</span> <span class='ocrx_word' id='word_1_253' title='bbox 605 3620 695 3679; x_wconf 87' lang='lat' dir='ltr'>calice</span> <span class='ocrx_word' id='word_1_254' title='bbox 716 3621 766 3678; x_wconf 78' lang='lat' dir='ltr'>dr‘ri</span> <span class='ocrx_word' id='word_1_255' title='bbox 787 3621 914 3679; x_wconf 85' lang='lat' dir='ltr'>Abbatis</span> <span class='ocrx_word' id='word_1_256' title='bbox 934 3620 1182 3696; x_wconf 85' lang='lat' dir='ltr'>Ryngstadiensis.</span> <span class='ocrx_word' id='word_1_257' title='bbox 1206 3638 1245 3657; x_wconf 80' lang='lat'>·⁴-</span> <span class='ocrx_word' id='word_1_258' title='bbox 1269 3619 1328 3694; x_wconf 67' lang='lat' dir='ltr'>aij.</span> <span class='ocrx_word' id='word_1_259' title='bbox 1346 3639 1399 3677; x_wconf 90' lang='lat' dir='ltr'>mr.</span> <span class='ocrx_word' id='word_1_260' title='bbox 1412 3619 1536 3695; x_wconf 88' lang='lat' dir='ltr'>argenti.</span> 
     </span>
    </p>

    <p class='ocr_par' dir='ltr' id='par_1_16' title="bbox 435 3720 1339 3798">
     <span class='ocr_line' id='line_1_31' title="bbox 435 3720 1339 3798; baseline -0.002 -18"><span class='ocrx_word' id='word_1_261' title='bbox 435 3723 507 3781; x_wconf 89' lang='lat' dir='ltr'>Item</span> <span class='ocrx_word' id='word_1_262' title='bbox 530 3742 582 3798; x_wconf 91' lang='lat' dir='ltr'>per</span> <span class='ocrx_word' id='word_1_263' title='bbox 605 3740 706 3780; x_wconf 88' lang='lat' dir='ltr'>manus</span> <span class='ocrx_word' id='word_1_264' title='bbox 726 3720 833 3781; x_wconf 84' lang='lat' dir='ltr'>Jacebi</span> <span class='ocrx_word' id='word_1_265' title='bbox 855 3720 998 3780; x_wconf 89' lang='lat' dir='ltr'>Karlsson</span> <span class='ocrx_word' id='word_1_266' title='bbox 1084 3720 1121 3796; x_wconf 83' lang='lat' dir='ltr'>ij.</span> <span class='ocrx_word' id='word_1_267' title='bbox 1145 3739 1197 3778; x_wconf 89' lang='lat' dir='ltr'>mr.</span> <span class='ocrx_word' id='word_1_268' title='bbox 1217 3721 1339 3797; x_wconf 88' lang='lat' dir='ltr'>argenti.</span> 
     </span>
    </p>

    <p class='ocr_par' dir='ltr' id='par_1_17' title="bbox 686 3822 1210 3899">
     <span class='ocr_line' id='line_1_32' title="bbox 686 3822 1210 3899; baseline -0.002 -18"><span class='ocrx_word' id='word_1_269' title='bbox 686 3824 810 3899; x_wconf 83' lang='lat' dir='ltr'>Recepit</span> <span class='ocrx_word' id='word_1_270' title='bbox 825 3823 1050 3898; x_wconf 88' lang='lat' dir='ltr'>jnstrumentum</span> <span class='ocrx_word' id='word_1_271' title='bbox 1070 3822 1210 3882; x_wconf 86' lang='lat' dir='ltr'>Jacobus.</span> 
     </span>
    </p>
   </div>
   <div class='ocr_carea' id='block_1_5' title="bbox 349 4024 1540 4407">
    <p class='ocr_par' dir='ltr' id='par_1_18' title="bbox 349 4024 1540 4308">
     <span class='ocr_line' id='line_1_33' title="bbox 434 4024 1540 4105; baseline -0.003 -17"><span class='ocrx_word' id='word_1_272' title='bbox 434 4028 591 4088; x_wconf 85' lang='lat' dir='ltr'>Sciendum</span> <span class='ocrx_word' id='word_1_273' title='bbox 614 4028 757 4105; x_wconf 89' lang='lat' dir='ltr'>estquod</span> <span class='ocrx_word' id='word_1_274' title='bbox 779 4044 881 4085; x_wconf 85' lang='lat' dir='ltr'>aurum</span> <span class='ocrx_word' id='word_1_275' title='bbox 904 4026 986 4085; x_wconf 88' lang='lat' dir='ltr'>istius</span> <span class='ocrx_word' id='word_1_276' title='bbox 1008 4026 1113 4103; x_wconf 87' lang='lat' dir='ltr'>pagine</span> <span class='ocrx_word' id='word_1_277' title='bbox 1136 4026 1265 4102; x_wconf 85' lang='lat' dir='ltr'>exeeptis</span> <span class='ocrx_word' id='word_1_278' title='bbox 1295 4045 1331 4083; x_wconf 87' lang='lat' dir='ltr'>.v.</span> <span class='ocrx_word' id='word_1_279' title='bbox 1364 4024 1477 4086; x_wconf 88' lang='lat' dir='ltr'>annulis</span> <span class='ocrx_word' id='word_1_280' title='bbox 1511 4035 1540 4085; x_wconf 90' lang='lat' dir='ltr'>et</span> 
     </span>
     <span class='ocr_line' id='line_1_34' title="bbox 349 4127 1540 4212; baseline -0.002 -23"><span class='ocrx_word' id='word_1_281' title='bbox 349 4151 407 4189; x_wconf 89' lang='lat' dir='ltr'>vna</span> <span class='ocrx_word' id='word_1_282' title='bbox 428 4131 517 4190; x_wconf 90' lang='lat' dir='ltr'>fibula</span> <span class='ocrx_word' id='word_1_283' title='bbox 539 4130 602 4189; x_wconf 90' lang='lat' dir='ltr'>auri</span> <span class='ocrx_word' id='word_1_284' title='bbox 624 4129 832 4202; x_wconf 88' lang='lat' dir='ltr'>conflatumet</span> <span class='ocrx_word' id='word_1_285' title='bbox 855 4129 1028 4212; x_wconf 86' lang='lat' dir='ltr'>depuratum</span> <span class='ocrx_word' id='word_1_286' title='bbox 1047 4129 1077 4186; x_wconf 89' lang='lat' dir='ltr'>in</span> <span class='ocrx_word' id='word_1_287' title='bbox 1100 4127 1219 4187; x_wconf 86' lang='lat' dir='ltr'>ciuitate</span> <span class='ocrx_word' id='word_1_288' title='bbox 1248 4128 1402 4204; x_wconf 86' lang='lat' dir='ltr'>Lybicensi</span> <span class='ocrx_word' id='word_1_289' title='bbox 1430 4129 1540 4204; x_wconf 85' lang='lat' dir='ltr'>ponde-</span> 
     </span>
     <span class='ocr_line' id='line_1_35' title="bbox 350 4229 949 4308; baseline -0.003 -18"><span class='ocrx_word' id='word_1_290' title='bbox 350 4234 434 4293; x_wconf 88' lang='lat' dir='ltr'>rabat</span> <span class='ocrx_word' id='word_1_291' title='bbox 455 4233 481 4308; x_wconf 82' lang='lat' dir='ltr'>.j.</span> <span class='ocrx_word' id='word_1_292' title='bbox 505 4251 631 4291; x_wconf 87' lang='lat' dir='ltr'>marcam</span> <span class='ocrx_word' id='word_1_293' title='bbox 654 4249 719 4289; x_wconf 89' lang='lat' dir='ltr'>cum</span> <span class='ocrx_word' id='word_1_294' title='bbox 739 4229 856 4288; x_wconf 91' lang='lat' dir='ltr'>dimidia</span> <span class='ocrx_word' id='word_1_295' title='bbox 876 4231 949 4288; x_wconf 86' lang='lat' dir='ltr'>auri.</span> 
     </span>
    </p>

    <p class='ocr_par' dir='ltr' id='par_1_19' title="bbox 433 4330 1540 4407">
     <span class='ocr_line' id='line_1_36' title="bbox 433 4330 1540 4407; baseline -0.002 -15"><span class='ocrx_word' id='word_1_296' title='bbox 433 4335 513 4393; x_wconf 90' lang='lat' dir='ltr'>Dicti</span> <span class='ocrx_word' id='word_1_297' title='bbox 536 4352 606 4392; x_wconf 90' lang='lat' dir='ltr'>uero</span> <span class='ocrx_word' id='word_1_298' title='bbox 630 4354 667 4391; x_wconf 89' lang='lat' dir='ltr'>.v.</span> <span class='ocrx_word' id='word_1_299' title='bbox 692 4330 792 4392; x_wconf 88' lang='lat' dir='ltr'>annuli</span> <span class='ocrx_word' id='word_1_300' title='bbox 815 4350 881 4389; x_wconf 90' lang='lat' dir='ltr'>cum</span> <span class='ocrx_word' id='word_1_301' title='bbox 903 4332 993 4390; x_wconf 90' lang='lat' dir='ltr'>fibula</span> <span class='ocrx_word' id='word_1_302' title='bbox 1013 4331 1121 4390; x_wconf 87' lang='lat' dir='ltr'>venditi</span> <span class='ocrx_word' id='word_1_303' title='bbox 1144 4330 1260 4390; x_wconf 88' lang='lat' dir='ltr'>luerunt</span> <span class='ocrx_word' id='word_1_304' title='bbox 1287 4349 1341 4407; x_wconf 88' lang='lat' dir='ltr'>pro</span> <span class='ocrx_word' id='word_1_305' title='bbox 1363 4360 1403 4369; x_wconf 91' lang='lat'>—</span> <span class='ocrx_word' id='word_1_306' title='bbox 1427 4350 1464 4388; x_wconf 85' lang='lat' dir='ltr'>.x.</span> <span class='ocrx_word' id='word_1_307' title='bbox 1487 4349 1540 4390; x_wconf 89' lang='lat' dir='ltr'>mr.</span> 
     </span>
    </p>
   </div>
   <div class='ocr_carea' id='block_1_6' title="bbox 263 4435 471 4517">
    <p class='ocr_par' dir='ltr' id='par_1_20' title="bbox 263 4435 471 4517">
     <span class='ocr_line' id='line_1_37' title="bbox 263 4435 471 4517; baseline -0.005 -24"><span class='ocrx_word' id='word_1_308' title='bbox 263 4512 265 4517; x_wconf 18' lang='grc'>1</span> <span class='ocrx_word' id='word_1_309' title='bbox 350 4435 471 4512; x_wconf 86' lang='lat' dir='ltr'>argenti.</span> 
     </span>
    </p>
   </div>
   <div class='ocr_carea' id='block_1_7' title="bbox 349 4669 1540 4915">
    <p class='ocr_par' dir='ltr' id='par_1_21' title="bbox 349 4669 1540 4915">
     <span class='ocr_line' id='line_1_38' title="bbox 833 4669 1540 4746; baseline 0.003 -20"><span class='ocrx_word' id='word_1_310' title='bbox 833 4669 923 4728; x_wconf 84' lang='lat' dir='ltr'>lxxx.</span> <span class='ocrx_word' id='word_1_311' title='bbox 945 4691 996 4729; x_wconf 89' lang='lat' dir='ltr'>mr.</span> <span class='ocrx_word' id='word_1_312' title='bbox 1018 4690 1084 4731; x_wconf 90' lang='lat' dir='ltr'>eum</span> <span class='ocrx_word' id='word_1_313' title='bbox 1107 4670 1232 4728; x_wconf 87' lang='lat' dir='ltr'>dimidia</span> <span class='ocrx_word' id='word_1_314' title='bbox 1255 4680 1284 4728; x_wconf 89' lang='lat' dir='ltr'>et</span> <span class='ocrx_word' id='word_1_315' title='bbox 1306 4669 1343 4742; x_wconf 84' lang='lat' dir='ltr'>ij.</span> <span class='ocrx_word' id='word_1_316' title='bbox 1363 4669 1416 4729; x_wconf 87' lang='lat' dir='ltr'>sol.</span> <span class='ocrx_word' id='word_1_317' title='bbox 1428 4670 1540 4746; x_wconf 82' lang='lat' dir='ltr'>argenti</span> 
     </span>
     <span class='ocr_line' id='line_1_39' title="bbox 349 4754 1223 4834; baseline -0.005 -19"><span class='ocrx_word' id='word_1_318' title='bbox 349 4755 417 4834; x_wconf 77' lang='lat' dir='ltr'>[ap]</span> <span class='ocrx_word' id='word_1_319' title='bbox 454 4757 573 4818; x_wconf 88' lang='lat' dir='ltr'>Summa</span> <span class='ocrx_word' id='word_1_320' title='bbox 595 4758 679 4816; x_wconf 92' lang='lat' dir='ltr'>huius</span> <span class='ocrx_word' id='word_1_321' title='bbox 700 4757 806 4834; x_wconf 90' lang='lat' dir='ltr'>pagine</span> <span class='ocrx_word' id='word_1_322' title='bbox 874 4756 1011 4831; x_wconf 87' lang='lat' dir='ltr'>ponderis</span> <span class='ocrx_word' id='word_1_323' title='bbox 1033 4754 1223 4815; x_wconf 86' lang='lat' dir='ltr'>Coloniensis.</span> 
     </span>
     <span class='ocr_line' id='line_1_40' title="bbox 834 4836 1432 4915; baseline -0.005 -19"><span class='ocrx_word' id='word_1_324' title='bbox 834 4839 860 4915; x_wconf 89' lang='lat' dir='ltr'>.j.</span> <span class='ocrx_word' id='word_1_325' title='bbox 884 4858 936 4898; x_wconf 93' lang='lat' dir='ltr'>mr.</span> <span class='ocrx_word' id='word_1_326' title='bbox 959 4859 1026 4900; x_wconf 89' lang='lat' dir='ltr'>cnm</span> <span class='ocrx_word' id='word_1_327' title='bbox 1048 4836 1167 4898; x_wconf 85' lang='lat' dir='ltr'>dimidia</span> <span class='ocrx_word' id='word_1_328' title='bbox 1188 4839 1251 4897; x_wconf 88' lang='lat' dir='ltr'>auri</span> <span class='ocrx_word' id='word_1_329' title='bbox 1273 4840 1302 4897; x_wconf 94' lang='lat' dir='ltr'>in</span> <span class='ocrx_word' id='word_1_330' title='bbox 1324 4839 1432 4898; x_wconf 85' lang='lat' dir='ltr'>Massa.</span> 
     </span>
    </p>
   </div>
   <div class='ocr_carea' id='block_1_8' title="bbox 0 0 1811 5625">
    <p class='ocr_par' dir='ltr' id='par_1_22' title="bbox 0 0 1811 5625">
     <span class='ocr_line' id='line_1_41' title="bbox 0 0 1811 5625; baseline 0 0"><span class='ocrx_word' id='word_1_331' title='bbox 0 0 1811 5625; x_wconf 95' lang='lat' dir='ltr'> </span> 
     </span>
    </p>
   </div>
  </div>
 </body>
</html>
