3584 5625
873 436 913 495 22

380 621 455 680 Item
479 620 525 696 xj.
549 637 660 678 marcas
681 639 747 679 cum
770 622 889 680 dimidia
908 642 999 699 paruo
1022 634 1135 683 monete
1156 646 1209 702 pro
1230 626 1314 686 dictis
1333 625 1423 685 zonis.

381 723 455 779 Item
477 721 521 797 .vj.
542 742 655 781 marcas
676 742 768 798 parue
789 735 903 783 monete
925 745 978 801 pro
1002 725 1086 785 dictis
1108 725 1252 786 dentibus.

380 825 456 882 Item
477 823 550 899 viiijs
572 823 655 900 lxxij⁰¹
680 844 792 884 marcas
813 825 849 901 .ij.
871 826 972 885 vncias
993 828 1022 885 in
1045 847 1137 903 parua
1158 828 1283 904 pecunia
1304 828 1454 887 noricana.

378 993 533 1071 Reliquam
554 1013 625 1052 vero
647 994 830 1053 medietatem
852 996 970 1054 Retinui
994 1015 1048 1072 ego
1069 998 1103 1055 Β.
1116 999 1153 1057 de
1170 997 1279 1058 Ortolis
1296 1017 1349 1073 pro
1369 1017 1489 1056 camera

297 1094 345 1169 dnj
367 1096 457 1153 nostri
479 1115 563 1172 pape.
585 1096 720 1154 videlicet
743 1097 793 1171 ‚iije
815 1096 935 1171 xxxviij.
954 1117 1068 1156 marcas
1087 1118 1153 1157 cum
1176 1098 1293 1156 dimidia
1313 1097 1425 1173 argenti
1449 1100 1488 1155 ad

297 1177 411 1272 pondus
432 1196 620 1255 Noricanum.
641 1198 719 1274 quod
740 1196 794 1254 fuit
815 1208 1013 1274 computatum
1036 1219 1089 1275 pro
1112 1218 1158 1256 .m.
1183 1217 1208 1256 c.
1230 1198 1355 1257 marchis
1378 1207 1407 1255 ot
1429 1217 1489 1255 vna

295 1294 381 1352 vncia
402 1314 493 1370 parne
515 1308 637 1355 monete.
680 1299 755 1356 Item
779 1299 826 1375 iij.
847 1300 949 1358 vncias
972 1320 1037 1358 cum
1060 1299 1179 1357 dimidia
1201 1300 1237 1357 de
1255 1319 1337 1357 auro.
1365 1317 1487 1374 compu-

295 1404 372 1455 tatas
395 1416 448 1473 pro
466 1398 543 1473 xiiij.
555 1398 677 1456 marchis
699 1419 790 1476 parua
813 1409 935 1458 monete.
978 1400 1053 1459 Item
1074 1401 1121 1475 xj.
1142 1420 1256 1460 marcas
1279 1420 1345 1459 cum
1367 1400 1487 1457 dimidia

296 1517 349 1573 pro
372 1498 455 1557 dictis
477 1499 565 1557 zonis.
610 1501 685 1558 Item
707 1520 758 1559 sex
781 1521 894 1559 marcas
916 1520 1007 1576 paruo
1029 1502 1152 1577 pecunie
1174 1521 1227 1577 pro
1246 1499 1486 1564 diotisdeittibus.

296 1600 370 1657 Item
393 1601 465 1675 viiijs
488 1601 576 1676 .lxxij.
598 1620 710 1660 marcas
733 1602 768 1677 .ij.
790 1602 890 1659 vncias
909 1603 938 1660 in
962 1622 1053 1678 parua
1076 1604 1200 1678 pecunia
1220 1603 1378 1661 Noricana.

297 1698 364 1776 [ap-I

1005 1780 1048 1847 nJ0.
1069 1771 1488 1847 xxxvmmarceumdmrdra

1038 1858 1158 1933 argenti.

297 1935 979 2016 [ap]Summapaginecheceptisprocamera
1005 1941 1042 2016 iij.
1066 1961 1130 1999 vnc.
1154 1961 1220 1999 cum
1242 1941 1360 1999 dimidia
1382 1940 1454 2014 aurj.

985 1975 1000 2177 Ι
1099 2026 1211 2084 lxxxix.
1234 2046 1321 2084 marc.
1344 2025 1380 2100 vj.

1036 2110 1486 2187 vncparuemoneteNoricane.

797 2294 988 2383 Bergensis.

1106 2424 1216 2493 [attende
1232 2428 1267 2478 ad
1284 2423 1451 2492 Reatunct'as}

378 2533 501 2592 Decima
523 2535 707 2612 episcopatus
725 2534 880 2611 Bergensis
901 2536 1027 2595 aseendit
1046 2556 1101 2613 pro
1124 2536 1254 2613 quolibet
1281 2554 1357 2593 anno
1381 2534 1443 2609 ‚iiijs
1466 2535 1485 2594 l.

294 2653 382 2692 marc.
403 2654 494 2712 paruo
516 2646 632 2695 moneta
652 2636 798 2696 Noricane
820 2656 877 2713 que
899 2639 1027 2697 aseendit
1047 2638 1077 2696 in
1099 2637 1249 2695 vniuersso
1272 2637 1308 2694 de
1328 2656 1381 2695 sex
1403 2636 1486 2695 annis

294 2837 412 2896 inuenta
433 2839 487 2896 fuit
507 2840 629 2899 collecta
661 2850 690 2898 et
721 2841 848 2916 reposita
875 2842 906 2899 in
938 2842 1071 2901 sacristia
1103 2839 1226 2899 ecclesia
1259 2840 1421 2915 Bergensis.
1456 2851 1486 2898 et

295 2960 347 3015 per
369 2959 415 2998 me
433 2942 614 3002 Bernardum
637 2944 673 3000 de
696 2942 805 3002 Ortolis
826 2953 944 3020 recepta
966 2963 984 3001 a
1006 2943 1063 3000 dfio
1079 2943 1228 3001 Audfinno
1250 2942 1388 3018 episcopo
1410 2942 1482 3000 Ber·

208 3075 212 3084 ·
295 3045 376 3118 gensi
398 3045 428 3101 in
451 3045 568 3103 modum
590 3045 640 3121 qui
661 3044 800 3121 sequitur.

380 3146 468 3204 Anno
490 3145 538 3220 dnj
561 3146 712 3205 millesimo
735 3154 799 3204 ccci
821 3145 915 3222 xxvij0.
939 3155 967 3203 et
998 3144 1041 3221 iij!
1070 3146 1116 3203 die
1149 3145 1253 3204 mensis
1275 3142 1351 3216 Iunij
1374 3143 1486 3219 Recepi

295 3264 349 3320 ego
372 3247 539 3306 Bernartius
561 3248 597 3305 de
619 3248 728 3308 Ortolis
750 3269 768 3307 a
790 3248 847 3305 dflo
870 3249 1019 3306 Audfinno
1042 3247 1179 3324 episcopo
1202 3245 1342 3322 Bergensi
1365 3245 1401 3302 de
1434 3244 1483 3302 ‹Ie-

295 3347 370 3405 cima
392 3349 576 3425 episcopatus
598 3351 759 3425 Bergensis.
787 3349 946 3425 nonaginta
967 3369 1020 3408 sex
1040 3368 1153 3408 marcas
1175 3347 1287 3424 argenti
1309 3347 1347 3404 ad
1368 3347 1483 3422 pondus

293 3449 480 3508 Noricanum.
503 3450 557 3509 fuit
578 3459 745 3527 computata
767 3452 895 3529 quelibet
917 3471 1016 3509 marca
1036 3470 1089 3526 pro
1112 3449 1203 3507 tribus
1221 3447 1355 3507 *merciis
1385 3456 1414 3505 et
1445 3446 1483 3521 vj.

294 3550 384 3627 vncijs
407 3552 482 3610 dicte
503 3571 594 3627 paruo
614 3561 726 3611 monete
749 3552 905 3611 Noricane.
929 3552 1056 3611 aseendit
1078 3551 1186 3609 dictum
1208 3559 1360 3625 argentum
1381 3548 1432 3623 ‚iijt
1445 3548 1485 3606 lx.

293 3671 381 3711 marc.
405 3653 480 3711 dicte
501 3673 592 3729 parue
613 3663 727 3712 monete
749 3654 904 3713 Noricane.
1455 3728 1460 3742 ἱ

377 3755 451 3813 Item
475 3754 564 3814 ,lxxx
585 3755 683 3813 floren.
703 3756 774 3831 auri.
794 3757 844 3834 qui
865 3756 981 3815 fuerunt
1003 3753 1089 3830 positi
1110 3753 1139 3809 in
1163 3753 1290 3828 pignore.
1310 3772 1363 3828 pro
1383 3763 1483 3811 octua-

293 3855 374 3931 ginta
396 3855 519 3914 marchis
541 3857 617 3915 dicte
639 3877 729 3934 parue
752 3866 866 3915 monete
887 3857 1045 3915 Noricane.
1321 3861 1323 3865 ⁴

377 3959 452 4015 Item
474 3958 520 4016 iifl?
538 3958 576 4015 lx.
600 3978 687 4017 marc.
708 3960 736 4016 in
760 3978 853 4035 parua
875 3957 1000 4035 pecunia
1022 3957 1178 4014 Noricana.

376 4127 423 4184 De
445 4128 550 4204 quibus
572 4129 626 4185 dns
646 4130 712 4187 Rex
733 4128 896 4203 Norwegie.
915 4127 1016 4184 habuit
1033 4123 1372 4183 medietatemvidelicet
1384 4123 1482 4199 xlviij.

294 4248 407 4287 marcas
429 4228 539 4304 argentj
562 4230 600 4286 ad
622 4231 735 4304 pondus
757 4228 947 4288 Noricanum.

377 4330 452 4388 Item
475 4331 523 4388 xl.
544 4331 669 4388 florenos
688 4329 760 4404 aurj.

376 4430 451 4488 Item
472 4450 517 4489 .m.
539 4452 563 4490 c.
584 4451 654 4488 xxx.
678 4452 765 4489 marc.
787 4432 817 4488 in
839 4451 933 4507 parua
955 4428 1080 4506 pecunia
1101 4427 1281 4506 Noricana.⁸

375 4601 529 4677 Reliquam
551 4619 622 4658 vero
643 4601 833 4658 medietatem.
856 4599 973 4658 Retinui
992 4619 1046 4675 ego
1057 4598 1092 4654 B.
1104 4597 1139 4654 de
1153 4596 1270 4656 Ortolis.
1294 4615 1349 4672 pro
1361 4615 1479 4655 camera

291 4702 339 4778 dfrj
360 4719 444 4777 pape.
466 4701 601 4759 videlicet
624 4702 720 4777 xlviij.
742 4721 830 4759 marc.
853 4701 973 4776 argenti.
995 4706 1153 4772 computat.
1174 4716 1227 4774 pro
1246 4716 1280 4754 .c.
1292 4698 1373 4754 lxxx.
1386 4717 1475 4757 marc.

294 4823 385 4882 paruo
407 4810 530 4861 monete.
