3584 5625
943 483 1003 545 186

376 669 501 722 11111111
519 666 590 727 telis,
609 665 652 717 uel
674 666 770 717 similia
792 668 957 730 concessisse,
975 667 1123 719 discretioni
1140 672 1225 719 uestre
1241 683 1287 734 per
1303 670 1448 735 apostolica
1472 670 1573 736 scripta

377 751 561 803 committimus
579 757 606 801 et
622 752 782 816 mandemus,
799 760 923 817 quatenus
941 767 996 814 vos,
1014 754 1058 804 nel
1075 754 1141 805 alter
1157 760 1270 804 vestrum
1286 768 1333 818 per
1348 770 1403 818 vos,
1419 756 1463 805 uel
1480 756 1572 817 alium,

377 851 423 889 seu
440 838 504 888 alios
522 851 598 901 super
614 838 743 901 predictis,
762 845 788 888 et
805 852 836 888 ee
854 838 1018 901 tangentibus
1035 840 1179 902 summarie,
1197 839 1354 904 simpliciter,
1371 848 1398 891 et
1423 842 1455 891 de
1480 841 1571 905 plano,

377 938 414 973 ac
425 924 478 973 sine
496 922 612 986 strepitu,
630 929 657 973 et
672 923 756 988 figure
770 923 861 988 judicij
879 925 1015 974 ueritatem
1033 924 1149 989 solerter,
1167 932 1193 975 et
1209 926 1318 976 fideliter
1334 926 1498 992 inquirentes,
1512 940 1573 990 pre·

377 1007 509 1071 dictasque
526 1007 633 1069 litteras,
643 1024 706 1073 ques
719 1009 793 1060 uobis
811 1008 912 1060 lecistis
929 1016 1008 1059 antea
1025 1011 1111 1060 omnia
1128 1010 1245 1061 exhiberi
1261 1025 1338 1077 penes
1355 1026 1403 1062 uos
1420 1012 1572 1073 retinentes,

377 1106 471 1157 easque
487 1093 560 1144 nobis
577 1093 687 1145 fideliter
703 1095 868 1157 destinantes,
885 1094 1032 1161 expressius
1050 1095 1163 1145 inhibere
1181 1078 1283 1158 curetis,
1301 1104 1331 1147 ut
1349 1096 1430 1148 nichil
1446 1102 1571 1163 pretextu

375 1177 479 1229 illarum
495 1179 602 1230 ulterius
619 1186 793 1245 attemptetur,
803 1181 848 1230 sed
865 1181 954 1246 pocius
972 1194 1129 1245 quecumque
1146 1187 1300 1247 attemptata
1314 1182 1382 1231 circa
1398 1182 1447 1232 hec
1463 1180 1570 1242 inerint,

375 1264 500 1315 hectcnus
517 1265 628 1330 ponetis,
646 1273 672 1314 et
689 1267 770 1316 teneri
787 1264 888 1315 iacietis
905 1264 1015 1329 penitus,
1032 1279 1163 1329 quousque
1180 1282 1225 1331 per
1241 1282 1288 1318 nos
1302 1265 1455 1318 informatos
1473 1268 1569 1317 exinde

376 1348 475 1414 plenius
501 1351 573 1401 eliud
599 1350 745 1401 ordinatum
773 1350 888 1401 extiterit
915 1350 942 1401 11
967 1366 1100 1417 suspenso.
1136 1350 1346 1403 contradictores
1370 1359 1418 1403 etc.
1455 1352 1482 1404 Si
1506 1367 1569 1403 uero

376 1436 484 1485 eundem
501 1435 648 1500 episcopum
665 1451 711 1502 per
727 1436 917 1500 inquisitionem
934 1436 1074 1499 predictam
1093 1437 1124 1486 de
1141 1437 1261 1501 predictis
1286 1437 1441 1502 culpabilem
1462 1437 1569 1489 inuene-

375 1520 439 1583 ritis,
457 1521 500 1571 uel
518 1531 663 1586 suspectum
680 1523 763 1587 ipsum
780 1520 951 1587 peremptorie
969 1521 1048 1572 citare
1066 1522 1167 1583 curetis,
1185 1529 1214 1572 ut
1236 1522 1303 1574 inira
1325 1533 1424 1574 111111
1450 1537 1569 1588 peremp-

375 1605 469 1656 torium
486 1607 623 1657 terminum
641 1614 836 1671 competentem,
853 1621 928 1670 quem
953 1607 1035 1658 eidem
1064 1606 1188 1657 duxeritis
1217 1607 1393 1671 prefigendum
1421 1609 1568 1673 apostolico

375 1692 523 1756 conspectui
539 1693 707 1757 personaliter
724 1708 751 1743 se
768 1699 897 1758 presentet
914 1708 961 1756 pro
980 1692 1108 1743 demeritis
1125 1699 1280 1757 recepturus,
1297 1701 1324 1743 et
1340 1708 1520 1758 responsurus,
1538 1709 1568 1744 ec

300 1831 303 1836 ⁴
374 1774 497 1837 facturus,
514 1779 583 1840 quod
597 1777 700 1841 justitie
716 1778 841 1828 suadebit.
879 1777 956 1828 Diem
974 1787 1061 1829 autem
1077 1778 1223 1828 huiusmodi
1239 1778 1376 1840 citationis,
1395 1785 1422 1829 et
1449 1778 1568 1843 formam,

375 1867 402 1911 et
418 1861 536 1926 quicquid
554 1864 612 1913 inde
630 1862 741 1914 feceritis
758 1864 832 1913 nobis
849 1877 896 1927 per
912 1863 1109 1915 instrumentum
1126 1862 1256 1929 publicum
1273 1864 1365 1914 harum
1388 1865 1480 1915 seriem
1506 1879 1567 1916 con·

374 1948 457 1997 tineus
474 1947 593 2000 intimare
610 1948 712 2001 curetis.
746 1948 846 1999 Datum
863 1947 993 2000 Auiniorre
1011 1951 1052 1999 .ir.
1070 1949 1132 2000 Idus
1148 1947 1299 1999 Decembris
1316 1954 1388 2013 pout.
1398 1950 1481 2002 nostri
1501 1965 1569 2002 anno

374 2031 590 2100 decimoseptimo.

665 2116 731 2165 (Ascla
745 2119 788 2159 Vct.
802 2119 849 2167 ner.
862 2119 915 2159 secr.
928 2119 971 2160 leh.
984 2119 1042 2159 xxii.
1054 2129 1084 2157 au
1099 2119 1154 2158 xiil.
1170 2130 1199 2169 ep.
1214 2113 1271 2167 610).

779 2345 829 2405 76.
876 2345 967 2404 1333.
1011 2344 1068 2404 cde
1089 2343 1161 2403 Mei.

441 2459 477 2512 Jn
493 2458 596 2511 nomine
614 2460 709 2511 domini
724 2475 806 2511 amen.
841 2458 920 2511 Auno
939 2460 1036 2512 domini
1048 2460 1184 2511 millesimo
1202 2471 1268 2521 ,111
1289 2469 1360 2521 xqu
1380 2459 1423 2524 iijq
1445 2461 1486 2512 die
1498 2460 1568 2525 iiijrp,

373 2547 467 2596 mensis
475 2544 548 2609 Msij,
555 2544 697 2608 jndictione
705 2547 795 2611 prime,
804 2546 969 2610 pontificatus
978 2545 1132 2597 sanctissimi
1141 2546 1221 2610 patris
1230 2552 1256 2595 et
1264 2544 1360 2596 domini
1374 2545 1454 2596 nostri
1467 2546 1567 2596 domini

373 2629 501 2682 iohannis
519 2631 607 2682 diuina
623 2632 789 2698 prouidencia
805 2646 872 2697 pape
890 2631 965 2695 .xxij.
984 2645 1051 2681 enno
1064 2642 1104 2691 .x⁰,
1125 2630 1174 2694 rije,
1193 2629 1224 2694 ju
1242 2630 1374 2695 presencia
1394 2632 1444 2680 mei
1467 2631 1564 2695 notarij

374 2721 400 2765 et
416 2717 520 2767 testium
536 2714 762 2783 infrascriptornm,
780 2718 935 2768 constitutus
952 2716 1122 2782 personaliter
1144 2716 1296 2767 venerabilis
1323 2723 1350 2766 11
1375 2714 1501 2766 discretus
1529 2715 1569 2766 vir

374 2801 492 2853 dominus
509 2801 600 2854 Petrus
619 2802 745 2869 Gernasij,
763 2805 901 2856 canonicus
927 2802 1096 2866 vinariensis,
1121 2801 1262 2868 apostolice
1288 2802 1356 2853 sedis
1382 2801 1500 2862 nuncius,
1518 2818 1566 2868 pro

372 2887 541 2954 infrascriptis
550 2895 577 2939 et
584 2891 712 2941 nonnullis
722 2890 780 2955 alijs
790 2890 896 2942 ecclesie
904 2890 1019 2941 Romane
1036 2888 1201 2954 negocijs,ad
1218 2902 1298 2953 regna
1315 2887 1419 2949 Swecie,
1432 2886 1523 2948 (iccio,
1542 2896 1568 2938 et

372 2971 507 3038 Norwegie
525 2974 674 3038 destinatus,
682 2977 832 3041 recognocit
849 2991 876 3027 se
893 2976 1019 3040 recepisse
1036 2982 1063 3025 et
1079 2974 1209 3035 habuisse,
1224 2989 1240 3023 a
1257 2973 1397 3023 reuerendo
1415 2972 1442 3022 11
1459 2970 1566 3023 Christo

373 3065 446 3124 petre
464 3059 568 3110 domino
585 3059 684 3111 Karolo
702 3061 743 3111 dei
761 3062 848 3127 grecia
871 3062 991 3127 episcopo
1014 3059 1177 3124 Lincopensi,
1194 3072 1242 3123 per
1266 3073 1356 3109 manus
1382 3057 1567 3108 venerabilium

372 3144 485 3195 virorum
502 3145 670 3208 dominorum,
687 3144 814 3197 Johannis
832 3145 1015 3207 archidiaconi,
1033 3152 1059 3195 11
1069 3144 1170 3204 Ksrcli,
1187 3145 1279 3194 decani
1297 3143 1404 3194 ecclesie
1420 3137 1566 3207 Lincopen-

373 3231 417 3292 sis,
434 3232 564 3294 ducentes,
581 3232 680 3297 viginti,
698 3238 809 3296 quatuor
826 3232 953 3292 marchas,
972 3246 1030 3281 oum
1048 3231 1154 3281 duabus.
1174 3229 1233 3280 cris.
1251 3231 1414 3281 denariorum
1438 3228 1567 3280 vsuelium

373 3324 484 3379 monete,
501 3317 622 3380 Sweuice,
641 3318 672 3369 de
689 3317 804 3382 pecunijs
823 3318 921 3367 decime
937 3316 1084 3367 sexennalis
1103 3317 1199 3366 dudum
1216 3315 1342 3378 collectis,
1359 3316 1386 3365 in
1410 3315 1516 3365 ciuitate
1541 3323 1568 3366 et

373 3401 468 3452 diocesi
484 3400 645 3468 Lincopensi,
664 3401 695 3466 jn
713 3419 763 3469 qua
781 3405 883 3468 quidem
901 3419 1001 3454 summa
1018 3411 1078 3453 snut
1094 3401 1278 3466 quinquaginta
1294 3415 1346 3451 vna
1361 3401 1473 3462 merche,
1486 3402 1567 3452 dena-

372 3490 469 3539 riorum
486 3489 554 3539 dicte
571 3495 682 3552 monete,
699 3504 745 3554 pro
762 3505 850 3540 mensa
868 3489 930 3540 dicti
947 3488 1043 3539 domini
1068 3487 1181 3552 episcopi
1205 3485 1383 3550 Lincopensis,
1408 3496 1456 3550 per
1479 3485 1567 3550 ipsum

373 3575 504 3626 dominnm
521 3575 642 3627 nuncium
658 3576 761 3626 nomine
780 3576 875 3626 domiui
892 3577 982 3637 nostri,
999 3587 1073 3639 pape.
1092 3579 1118 3623 et
1133 3572 1250 3622 Romane
1268 3565 1407 3634 [ecclesie],
1426 3572 1522 3622 habitis
1541 3580 1569 3623 et

372 3661 490 3726 receptis,
506 3661 592 3725 ipsum
609 3660 738 3726 domiuum
756 3662 905 3726 episcopum
922 3660 1108 3725 lincopensem
1126 3663 1152 3706 et
1170 3655 1304 3706 ecclesiam
1321 3672 1402 3718 suam,
1421 3672 1452 3707 ac
1476 3672 1567 3708 omnes

372 3746 438 3797 alios
456 3760 564 3810 quorum
580 3746 694 3808 interest,
719 3746 822 3797 nomine
849 3747 911 3797 dic'ti
929 3745 1025 3796 domini
1050 3742 1133 3794 nostri
1159 3755 1234 3807 pape,
1251 3748 1278 3791 et
1305 3743 1428 3804 Romane,
1446 3743 1567 3805 ecclesie,

373 3832 451 3883 sciuit
466 3831 567 3897 penitus
584 3837 611 3880 et
627 3831 755 3895 (11111111,
774 3831 902 3897 requirens
920 3846 960 3881 me
977 3830 1107 3881 noterium
1123 3825 1315 3891 infrascriptum
1337 3830 1419 3879 dietus
1445 3829 1568 3880 dominns

372 3917 489 3979 nuncius,
506 3924 536 3966 ut
553 3918 584 3967 de
600 3917 721 3982 predictis
740 3919 791 3967 duo
805 3916 916 3966 lacerem
928 3915 1068 3966 consimilis
1080 3914 1175 3964 tenoris
1187 3910 1478 3977 publicajnetrnmeuta.
1496 3913 1569 3966 Acte

373 4008 433 4053 sunt
450 4002 498 4052 hec
515 4001 683 4065 Stokholmis,
702 4017 769 4053 enno
787 4008 813 4051 et
831 4002 871 4051 die
890 4001 981 4065 quibus
993 4014 1078 4065 suprs,
1086 3997 1246 4064 presentibus
1258 3997 1373 4050 discretis
1381 4000 1450 4062 viris,
1460 4001 1568 4052 domino

371 4088 450 4139 Petro
468 4088 627 4152 Strengonis,
645 4090 770 4138 canonico
787 4083 1083 4147 Boskildensirhlirardo
1099 4084 1130 4132 de
1147 4081 1237 4133 Monte
1249 4085 1334 4148 cupri,
1346 4084 1403 4134 ciue
1420 4084 1567 4148 Arcaiensi,

373 4179 399 4224 et
415 4172 536 4224 Jchcnne
554 4175 585 4224 de
601 4174 685 4237 Loon,
695 4175 751 4225 ciue
770 4169 962 4224 Stolsholmensi
980 4169 1087 4220 testibus
1105 4168 1139 4218 ad
1156 4168 1279 4233 premisse
1295 4171 1396 4220 uocatis
1414 4177 1440 4220 11
1457 4173 1568 4234 rogatis.

439 4256 476 4308 Et
493 4273 542 4322 ego
559 4256 673 4310 Jaccbus
692 4261 723 4309 de
741 4257 856 4308 Eusebio
874 4257 907 4305 de
924 4255 1044 4319 Bugella,
1061 4252 1169 4303 clericus
1181 4252 1353 4306 vercellensis
1370 4256 1487 4318 diocesis,
1505 4272 1569 4307 auc·

373 4343 476 4394 toritate
494 4344 636 4408 apostolice
654 4352 680 4394 et
693 4343 823 4410 jmperieli
841 4341 958 4393 notarius
975 4339 1102 4405 publicus,
1121 4339 1249 4405 premissis
1277 4342 1404 4403 omnibus,
1429 4355 1480 4390 vna
1506 4355 1568 4392 cum

372 4428 554 4494 prenominatis
572 4431 679 4480 testibus
697 4428 867 4495 personaliter
884 4440 988 4492 presens
1005 4424 1118 4486 interlui,
1134 4432 1161 4474 et
1176 4427 1210 4481 ed
1228 4425 1421 4489 requisicionem
1439 4426 1568 4477 dictorum

372 4513 533 4565 dominorum
550 4516 723 4568 archidiaconi
741 4521 767 4566 ct
784 4514 882 4576 deceni,
899 4513 949 4563 hoc
975 4525 1077 4577 presens
1105 4508 1237 4575 publicum
1250 4511 1449 4575 jnstrumentum
1467 4511 1568 4575 scripsi,

373 4609 399 4653 et
414 4602 441 4652 in
458 4602 524 4653 hanc
541 4601 671 4669 publicam
693 4600 804 4653 formam
829 4598 924 4661 redegi,
941 4612 992 4646 rna
1009 4611 1068 4647 cnm
1087 4597 1243 4660 appensione
1261 4598 1337 4662 sigilli
1355 4597 1450 4649 domini
1475 4597 1566 4662 nuucij

272 4742 275 4759 1
371 4690 514 4752 memorati,
532 4691 656 4754 signoque
673 4703 731 4741 mec
749 4687 826 4739 sclito
843 4683 946 4748 signeui
964 4682 1098 4748 requisitus
1117 4689 1143 4732 et
1160 4690 1275 4747 rogatus.

812 4768 872 4819 (Eltcr
884 4769 936 4819 oipl.
951 4767 1006 4809 Stet.
1020 4764 1134 4812 11111178).
1180 4778 1183 4787 ·

955 4980 966 5012 Ι
