3584 5625
863 496 921 554 179

681 683 728 741 64.
775 684 864 743 1328.
910 683 966 739 ede
987 682 1110 742 dannan.

364 780 399 830 Jn
418 780 521 830 nomine
539 780 635 831 domini
653 796 735 831 emen.
755 795 823 831 enno
841 781 985 842 netinitetis
1004 781 1117 831 eiusdem
1135 781 1270 838 millesimo
1295 776 1368 831 .ccc⁰.
1387 775 1491 843 xevtij0.

296 880 365 916 noua
382 866 423 915 die
441 866 536 916 mensis
552 864 669 927 denuurij
689 866 854 930 pontificatus
873 866 968 916 domini
985 865 1181 916 nostri.d01niui
1195 864 1322 916 Joheunis
1334 879 1399 935 pepe
1417 863 1491 929 xxij.

297 965 365 1000 enno
384 949 439 1013 .xij.
458 951 577 999 noueriut
593 949 703 999 uniuersi
721 957 853 1015 presentes
872 951 968 1015 pariter
985 957 1011 999 et
1037 948 1115 999 futuri
1142 951 1210 1013 quod
1235 952 1261 1000 in
1287 952 1418 1015 presencie
1443 950 1493 999 mei

297 1034 389 1097 noterij
410 1034 564 1099 infrascriptj
584 1041 610 1083 et
628 1036 731 1084 testium
754 1034 965 1098 subscriptorum,
989 1026 1160 1085 venerabiles
1176 1043 1202 1085 et
1231 1035 1407 1101 circumspecti
1436 1034 1491 1083 riri.

298 1120 402 1171 domini.
421 1120 501 1171 freter
518 1120 651 1170 Johunnes
670 1120 701 1169 de
719 1118 815 1169 Serene
833 1121 904 1183 prior
921 1128 1064 1169 conuentus
1084 1120 1386 1185 ordinis-predicetorum
1404 1121 1436 1170 de
1449 1120 1492 1170 st-

297 1207 380 1268 gieco.
399 1213 425 1254 et
443 1205 589 1255 Bernsrdus
608 1204 639 1252 de
653 1202 758 1255 Ortolis.
777 1210 862 1252 rector
879 1203 987 1253 ecclesie
1006 1203 1188 1254 deNouelibus
1203 1204 1367 1260 caturcensis
1380 1213 1405 1256 ct
1416 1206 1493 1256 Elec·

298 1289 378 1339 tensis
397 1289 553 1353 dyocesium.
602 1289 644 1338 Ad
671 1288 810 1353 petendum
838 1288 993 1358 exigepdnm
1011 1297 1038 1339 et
1053 1290 1226 1354 recipiendum
1244 1290 1378 1356 pecuniam
1396 1290 1493 1340 decime

298 1374 452 1426 sexennelis.
470 1375 582 1438 inposite
600 1373 626 1422 in
654 1374 760 1442 consilio
789 1371 930 1423 Viennensi
959 1388 1005 1437 per
1034 1373 1115 1426 felicis
1145 1375 1332 1443 recordacionis¹
1361 1375 1493 1426 dominum

298 1459 458 1530 Clementem
474 1474 568 1523 pepem
587 1458 702 1527 quintum
719 1459 746 1507 in
763 1457 906 1514 subsidium
923 1465 989 1511 terre
1011 1465 1100 1509 tenete
1115 1458 1147 1522 jn
1169 1460 1254 1523 regnis
1280 1459 1386 1535 Suecie,
1404 1458 1493 1520 Goeie,

298 1543 476 1608 Noruegieque
493 1558 540 1609 per
557 1544 642 1593 sedem
660 1543 829 1608 apostolicum
846 1542 992 1609 specialiter
1010 1543 1126 1609 deputati
1149 1552 1226 1610 prout
1249 1544 1280 1594 de
1308 1558 1396 1610 eorum
1423 1559 1493 1606 com7

298 1628 419 1679 missione
436 1636 463 1677 et
479 1635 607 1692 potestate
626 1634 734 1689 conset,
751 1642 797 1694 per
820 1628 949 1702 quendem
976 1637 1107 1696 petentem
1132 1629 1245 1679 litteram
1271 1628 1404 1691 bullatam.
1434 1644 1493 1679 cum

299 1713 370 1764 buliu
387 1712 508 1778 plumbea
525 1713 645 1777 pendenti
662 1713 689 1763 in
705 1712 760 1770 filio
782 1713 886 1777 eunapis
911 1713 983 1765 euius
1010 1714 1110 1778 quidem
1137 1714 1221 1764 littere
1248 1721 1322 1766 tenor
1352 1715 1493 1765 dinoscitur

299 1814 354 1847 esse
373 1799 439 1848 telis.
476 1795 609 1848 Johennes
628 1797 764 1861 episcopus
782 1812 870 1848 seruus
884 1811 1017 1851 seruorum
1030 1800 1070 1850 dei
1083 1807 1123 1849 etc
1130 1793 1147 1847 ¹.
1182 1798 1493 1862 Pecierunterouerendo

299 1883 325 1944 in
342 1883 448 1940 Christo
466 1891 547 1948 petre.
566 1883 669 1932 domino
687 1881 773 1944 Olepo
790 1883 830 1951 dei
849 1883 937 1946 grecie
954 1884 1148 1949 archiepiscopo
1170 1882 1318 1947 Vpselensj.
1344 1891 1493 1950 computum

300 1976 328 2022 et
342 1969 473 2018 recionem
490 1969 521 2017 de
539 1968 647 2033 pecunie
665 1968 731 2017 dicte
750 1966 846 2017 decime
868 1968 1024 2019 sexennelis.
1051 1984 1100 2031 que
1125 1970 1235 2033 pecunie
1245 1964 1250 2041 ’1
1257 1970 1360 2020 nomine
1378 1971 1493 2041 iturusne

299 2054 406 2108 ecclesie
425 2060 528 2118 recepte
545 2059 571 2101 et
588 2052 697 2102 collecte
720 2058 776 2102 eret
801 2052 828 2102 in
853 2053 962 2104 ecclesie
987 2052 1134 2118 Vpselensi‚
1160 2054 1203 2117 qui
1231 2053 1346 2118 prefatus
1374 2054 1492 2104 dominus

300 2139 507 2203 archiepiscopus
526 2137 592 2186 dixit
608 2144 634 2185 et
651 2136 791 2199 rsepondit,
802 2139 899 2188 dietam
913 2140 1048 2204 pecuniam
1060 2131 1126 2199 Ilio
1135 2146 1256 2203 promptu
1265 2135 1329 2199 esse]
1340 2138 1493 2188 collectores

301 2239 362 2275 uero
380 2223 423 2287 qui
441 2238 498 2274 eem
516 2222 670 2284 colligerent
689 2222 784 2273 mortui
802 2230 861 2271 sunt
878 2222 934 2288 ipse
951 2235 1011 2273 vero
1030 2224 1148 2274 dominus
1165 2224 1373 2289 archiepiscopus
1391 2237 1494 2274 conser-

301 2316 403 2359 uatores
422 2309 490 2357 dicte
508 2309 613 2372 pecunie
631 2306 773 2371 depossuit,
792 2315 893 2358 etcum
911 2309 1054 2359 iuramento
1072 2308 1192 2359 videlieet
1216 2308 1373 2358 venerabiles
1400 2316 1427 2358 et
1444 2310 1494 2359 dis-

300 2401 382 2443 cretos
400 2393 467 2443 viros
486 2393 603 2443 dominos
618 2391 746 2442 Thomem
759 2391 851 2442 Alonis
867 2395 929 2443 tunc
946 2394 1098 2443 canonicum
1117 2408 1184 2443 nuuc
1202 2407 1262 2442 vero
1281 2393 1495 2455 archidyaconnm

301 2485 326 2528 et
343 2478 487 2528 dordunum
505 2480 536 2528 de
554 2477 652 2528 Birium
669 2492 825 2541 yconomum
843 2477 950 2527 ecclesie
967 2476 1126 2543 Vpseleosis.
1171 2476 1222 2539 Qui
1248 2476 1341 2542 preieti
1359 2493 1495 2529 conserue-

301 2571 368 2615 tores
383 2564 413 2627 jn
431 2563 564 2629 presencia
580 2562 687 2627 predicti
706 2563 802 2613 domiui
819 2563 1012 2628 archiepiscopi.
1034 2561 1141 2628 prelatis
1160 2563 1270 2613 dominis
1289 2562 1363 2614 fratri
1381 2561 1493 2614 Johenni

301 2650 331 2698 ds
350 2649 446 2698 Serene
464 2659 490 2712 ot
506 2648 640 2698 Bernsrdo
659 2648 690 2697 de
709 2646 816 2699 Ortolis.
835 2656 985 2711 computum
1003 2656 1029 2698 et
1046 2648 1174 2698 necionem
1196 2649 1263 2699 dicte
1290 2647 1389 2699 decime
1412 2648 1495 2699 reddi·

300 2734 399 2795 derunt,
417 2735 488 2784 cuius
507 2733 613 2798 pecunie
631 2732 699 2781 dicte
716 2732 814 2781 decime
832 2733 941 2783 ecclesie
953 2741 980 2784 et
991 2733 1074 2785 tocius
1087 2735 1204 2797 dyocesis
1221 2733 1374 2798 Vpselensis
1386 2746 1494 2785 summe.

300 2821 415 2870 escendit
433 2821 464 2870 de
482 2835 529 2869 sex
547 2820 628 2869 annis.
647 2819 697 2868 tria
712 2817 784 2868 milia
809 2819 978 2882 octingentas.
1005 2819 1110 2882 triginta
1139 2803 1208 2874 dues
1230 2820 1349 2870 marshes
1375 2826 1402 2870 et
1431 2821 1495 2871 dues

301 2921 359 2955 oras
378 2911 532 2955 numeratus.
552 2905 584 2953 ed
602 2904 707 2953 modum
725 2902 847 2965 Swechie‚
866 2919 914 2967 que
932 2905 1041 2968 pecunie
1058 2918 1104 2968 per
1121 2905 1203 2956 dictos
1225 2912 1421 2956 conseruatores
1447 2903 1497 2955 fnit

301 3005 427 3040 conuenae
444 2990 472 3039 in
488 2995 595 3052 argento
614 3003 687 3053 puro,
699 2988 765 3051 quod
778 2995 913 3063 argeutum
925 2989 1041 3039 escendit
1057 3004 1137 3054 reque
1154 2991 1188 3039 ed
1206 3005 1331 3041 summam
1349 2991 1496 3054 septingen-

303 3081 385 3125 tarum
404 3085 429 3127 et
447 3074 611 3139 septuaginta
627 3074 788 3123 marcherum
815 3075 1023 3137 ponderatamm.
1053 3076 1087 3125 ad
1114 3074 1215 3139 pondus
1239 3071 1393 3139 Vpselense‚
1420 3089 1495 3139 quem

300 3161 436 3225 pecuniam
453 3167 481 3209 et
496 3166 632 3221 argentum
650 3159 718 3208 dicte
736 3158 833 3209 decime
851 3159 997 3225 sexennalis
1013 3158 1106 3224 preleti
1129 3159 1235 3210 domini.
1260 3158 1341 3210 freter
1362 3158 1496 3211 Johennes

301 3246 332 3296 de
350 3244 446 3296 Serene
464 3251 490 3294 et
507 3243 654 3294 Bernardus
673 3244 704 3292 de
722 3241 828 3294 Ortolis.
850 3245 884 3294 ed
910 3259 1015 3294 menum
1042 3245 1143 3295 nomine
1172 3259 1280 3295 cernere.
1308 3243 1404 3295 domini
1430 3260 1496 3310 pepe

301 3336 460 3394 receperunt,
479 3338 505 3379 et
523 3327 634 3379 confessi
652 3326 756 3377 fuerunt
773 3342 800 3376 se
818 3330 905 3379 omnie
922 3331 1036 3393 predicte
1053 3330 1129 3394 plene
1146 3337 1173 3378 et
1188 3329 1287 3392 integre
1304 3328 1424 3380 habuisse
1441 3345 1496 3380 ree·

300 3415 360 3465 liter
377 3424 404 3463 et
421 3414 556 3477 recepisse,
574 3421 600 3463 et
616 3411 744 3477 prefetum
763 3413 893 3463 dominum
911 3415 1131 3479 archiepiscopum
1158 3420 1184 3463 et
1210 3414 1346 3466 ecclesium
1372 3429 1453 3466 suem.
1471 3422 1498 3465 et

295 3480 442 3564 xcapitulum
468 3497 618 3561 Vpselense.
646 3505 672 3548 et
689 3497 839 3549 collectores
856 3508 882 3548 et
899 3507 1095 3550 conseruetores
1113 3500 1181 3549 dicte
1198 3500 1306 3563 pecunie
1324 3500 1422 3551 decime
1439 3514 1498 3551 sex-

301 3582 407 3634 ennelis.
427 3583 470 3646 qni
487 3599 534 3647 pro
551 3589 666 3647 tempore
683 3580 788 3633 fuerunt
805 3591 831 3634 et
856 3598 947 3636 eorum
976 3585 1045 3635 bone
1073 3593 1101 3636 et
1129 3599 1306 3635 suceessorum
1331 3586 1446 3650 ipsorum
1472 3592 1499 3635 et

301 3670 479 3732 inperpetuum
497 3669 672 3733 quitteuerunt
689 3669 791 3732 ponitus
810 3675 835 3719 et
851 3670 1026 3721 absoluerunt.
1054 3685 1070 3719 e
1093 3670 1162 3721 dicte
1178 3672 1288 3734 pecunie
1304 3670 1372 3721 dicte
1389 3669 1497 3735 pecunie

301 3754 456 3805 sexennelis.
475 3752 571 3803 Actum
587 3752 695 3818 Vpselie
713 3754 740 3804 iu
757 3769 838 3818 psrue
854 3759 931 3816 stupe
948 3755 1009 3804 dieti
1028 3756 1123 3806 domini
1135 3755 1321 3822 archiepiscopi
1335 3754 1497 3820 presentibus

301 3839 489 3888 venerabilibus
516 3847 542 3888 et
568 3839 684 3889 diseretis
711 3839 772 3889 viris
801 3838 910 3890 dominis
932 3875 938 3887 .
962 3840 1087 3890 .Berone
1104 3841 1242 3904 preposito.
1260 3840 1369 3891 Muthis.
1386 3839 1497 3890 Nicoleo

302 3924 412 3975 cristine
430 3923 552 3974 Johsnne
570 3925 681 3974 flenrioi.
701 3931 728 3973 et
744 3921 854 3975 Nicoleo
874 3924 997 3974 Iohennis
1010 3925 1138 3975 canonicis
1147 3924 1344 3990 Vpselensibus.
1358 3931 1384 3975 st
1393 3924 1499 3975 Andros

302 4009 392 4072 Celijs.
410 4008 533 4072 lehone
551 4012 582 4059 de
599 4009 665 4060 Risl.
684 4008 827 4059 Leurenolo
846 4010 980 4073 Agmnndi.
992 4010 1323 4074 ctLeureucioLeurencij.
1342 4010 1497 4075 presbiteris.

302 4095 466 4158 prebendatis
484 4096 511 4143 in
528 4094 597 4143 dicte
615 4095 725 4144 ecelesia
740 4093 888 4160 Vpseleusi.
908 4095 1016 4145 testibus
1033 4097 1067 4145 ed
1084 4095 1210 4161 premissa
1233 4097 1330 4146 vocetis
1354 4093 1498 4158 specialiter

303 4187 329 4229 et
346 4180 453 4240 rogetis.
469 4203 498 4212 -
510 4179 572 4229 Feci
591 4195 706 4229 reserem
722 4182 749 4229 in
767 4179 888 4230 vicesima
906 4181 986 4230 tercie
1002 4181 1071 4230 lines
1089 4182 1122 4230 ad
1140 4179 1192 4229 tale
1210 4174 1346 4244 signnmI
1360 4187 1387 4228 ct
1409 4179 1435 4228 in
1452 4177 1499 4228 ille

303 4280 394 4314 rasura
412 4263 488 4313 debet
506 4278 561 4314 esse
580 4263 632 4325 „dn
649 4270 770 4330 promptu
788 4259 867 4315 esse.“
914 4265 952 4314 Et
977 4280 1026 4329 ego
1051 4263 1137 4316 Gnido
1160 4265 1191 4315 de
1210 4265 1303 4315 Auens
1321 4267 1352 4315 de
1370 4264 1498 4314 Porsseno

304 4351 412 4400 clericus
429 4350 624 4413 Magaloncnsis
642 4344 933 4414 dyocesis'euetoritste
951 4347 1095 4415 apostolice
1112 4355 1139 4399 et
1146 4348 1276 4415 Jmperieli
1289 4352 1403 4402 noterius
1416 4349 1499 4415 publi-

304 4452 349 4487 cus
368 4435 489 4501 predictis
508 4435 627 4485 omnibus
644 4436 694 4485 dns
712 4450 770 4485 cum
788 4435 862 4485 dictis
880 4435 989 4486 testibus
1006 4449 1111 4499 presens
1129 4433 1166 4485 lui
1184 4442 1211 4485 st
1227 4451 1257 4486 ee
1275 4437 1363 4486 omnis
1379 4439 1412 4484 de
1428 4449 1499 4484 meu·

304 4524 365 4572 dete
384 4520 557 4585 predictorum
576 4522 736 4571 dominorum
753 4519 841 4570 fratris
851 4518 979 4571 Johennis
989 4505 1029 4569 ¹de
1040 4518 1138 4571 Serene
1155 4527 1183 4570 et
1199 4521 1332 4571 Bemerdo
1351 4521 1382 4569 de
1394 4519 1499 4570 Ortolis.

304 4607 414 4657 fideliter
431 4605 527 4670 scripsi.
546 4613 573 4655 et
589 4606 616 4655 in
633 4607 700 4656 hene
718 4605 828 4656 formem
849 4604 937 4668 redegi
963 4596 1072 4668 meoque
1101 4604 1175 4669 signo
1205 4611 1329 4655 consueto
1355 4605 1454 4668 signari
1484 4616 1499 4652 e

306 4691 453 4757 supradicto
472 4690 576 4740 domino
594 4691 787 4755 archiepiscopo
804 4696 921 4753 rogetus.

725 4774 788 4817 (fener
801 4774 882 4823 ltlpiour.
896 4774 951 4812 tvae.
968 4773 1002 4812 Ne.
1015 4766 1081 4812 testu

333 4857 339 4881 ¹
354 4863 390 4900 iler
405 4861 467 4907 telget
480 4858 512 4898 det
525 4860 572 4899 ovis.
586 4860 606 4899 S.
623 4857 659 4896 tos
673 4858 687 4896 l.
701 4869 741 4896 son
757 4859 789 4897 n'o
805 4857 928 4897 illudisne
944 4857 997 4896 Beer.

1236 4909 1297 4970 12·
