3584 5625
880 490 939 552 168

309 671 424 724 officium
441 671 468 722 in
484 672 533 723 hac
550 682 621 739 partu
639 688 670 724 eo
689 674 776 726 utilius
794 682 820 725 et
837 674 965 726 efficacius
992 688 1111 724 exercere
1137 674 1233 735 unless,
1258 690 1308 738 quo
1333 678 1425 729 maiori
1453 692 1499 741 per

309 773 355 808 nos
372 756 452 809 fueris
470 757 623 808 auctoritate
640 758 760 819 munitus,
778 761 980 814 contradictores
991 743 1125 822 'quoslibet
1141 766 1168 809 et
1184 759 1290 811 rebelles
1307 773 1499 824 percensuram

307 842 507 895 ecclesiasticam
533 842 706 907 appellatione
729 846 875 908 postposita
901 844 1086 909 compescendi,
1114 858 1145 894 ac
1170 844 1308 895 innocendi
1334 852 1425 894 contm
1453 861 1498 898 eoa

308 928 485 993 supradictum
501 927 626 982 auxilium
643 927 760 991 quotiens
779 928 872 980 uideris
890 929 1021 994 expedire,
1039 927 1154 980 mutandi
1171 928 1254 982 etiam.
1265 928 1378 992 predicte
1400 930 1498 987 decime

308 1012 460 1064 collectores
472 1013 673 1075 quandocunque
686 1019 713 1064 et
723 1014 941 1077 quotienscunque
953 1012 1010 1064 iore
1020 1013 1150 1078 putaueris
1160 1020 1315 1076 oportunam
1327 1015 1498 1079 compellendi

308 1112 409 1162 quoque
425 1096 578 1149 anamma
593 1097 709 1161 predicta
725 1100 940 1163 archiepiscopos,
957 1099 1100 1163 epscopus,
1119 1105 1146 1147 et
1161 1098 1227 1149 alios
1250 1098 1416 1154 ecclesiarum
1441 1115 1498 1165 pre,

307 1183 386 1242 latos,
402 1195 435 1234 sc
451 1196 574 1248 personas
597 1183 784 1236 aeduisstioss
809 1183 919 1246 partium
947 1184 1093 1236 earumdem
1122 1183 1155 1233 ad
1181 1183 1366 1244 prouidendum
1395 1186 1440 1236 tibi
1465 1185 1498 1237 de

307 1282 400 1319 seomo
416 1268 554 1328 conductu,
572 1282 630 1318 uum
648 1282 725 1333 super
741 1268 791 1320 ben
808 1284 824 1318 a
842 1278 866 1320 te
883 1266 977 1322 tuerint
990 1268 1122 1331 ·requisiti,
1144 1267 1247 1333 plenem
1272 1268 1317 1318 tibi
1342 1270 1498 1322 auctoritate

306 1352 645 1417 presentium·concadtrnus
662 1350 820 1406 facultatem.
848 1351 909 1404 Non
927 1353 1045 1405 obstante
1063 1354 1085 1404 si
1103 1352 1229 1416 aliquibus
1246 1368 1262 1402 s
1278 1354 1339 1408 sede
1356 1354 1498 1423 apostolica

308 1435 343 1487 eit
358 1437 494 1497 indultum,
511 1438 581 1500 quod
596 1437 722 1497 interdici,
740 1438 861 1501 suspendi
878 1436 920 1491 uel
938 1437 1154 1490 excommunioni
1170 1452 1223 1499 nou
1237 1428 1497 1502 pouiitperlitteras

307 1523 375 1573 dieta
392 1522 469 1581 sedis,
486 1535 534 1585 qus
552 1523 584 1573 de
601 1521 701 1580 indulto
719 1522 864 1574 huiusmodi
882 1536 913 1573 ao
931 1528 987 1572 totu
1004 1521 1058 1577 eius
1070 1522 1228 1576 continentie
1242 1522 1276 1577 de
1294 1524 1373 1574 uerbo
1390 1526 1423 1576 ad
1441 1539 1497 1580 uer-

307 1606 368 1658 bum
384 1613 412 1659 et
428 1606 460 1656 de
477 1604 587 1671 proprija
603 1605 721 1658 locorum
738 1616 765 1658 et
783 1620 950 1673 personarum
966 1605 1110 1659 nominibus
1127 1607 1271 1672 specialem,
1288 1608 1391 1670 plenam
1408 1617 1435 1659 et
1451 1625 1496 1662 err.

306 1705 424 1757 pressam
441 1705 494 1741 nou
512 1688 620 1744 fecefint
637 1692 801 1751 mentionem,
823 1691 878 1744 siue
896 1691 1050 1755 quibuslibet
1075 1690 1133 1753 alijs
1162 1690 1312 1755 priuileqijs,
1330 1693 1497 1758 indulgentiis

306 1777 350 1830 uel
367 1776 467 1835 litteris,
485 1775 677 1839 quibuscunque
695 1776 870 1840 dignitatibus,
888 1775 1029 1841 ordinibus,
1047 1776 1111 1826 locis
1134 1776 1177 1832 uel
1202 1777 1319 1839 personia
1345 1780 1497 1842 generaliter

307 1862 349 1914 nel
367 1860 513 1925 specialiter
529 1861 577 1912 aab
594 1875 744 1925 quacunque
761 1860 844 1914 forma
863 1861 905 1912 uel
921 1860 1085 1925 expressione
1103 1862 1239 1912 uerborum
1261 1861 1295 1912 ab
1320 1865 1410 1915 ssdern
1435 1864 1497 1916 sade

306 1945 444 2005 concessis,
462 1946 494 1995 de
512 1944 603 2008 quibue
620 1960 760 2007 quorumue
777 1946 837 1998 rotis
856 1945 985 1996 tenoribus
1002 1946 1035 2000 de
1053 1946 1132 1997 uerbo
1156 1947 1191 1996 ad
1215 1947 1323 1999 uerbum
1347 1948 1375 1999 in
1404 1950 1496 2002 uostris

305 2030 397 2081 litteris
416 2030 532 2095 specialis
550 2037 576 2079 et
594 2043 715 2093 expressa
731 2031 826 2082 mentio
844 2031 878 2081 sit
895 2031 1020 2081 habenda
1066 2028 1194 2081 Volumus
1211 2040 1298 2082 autern
1315 2041 1344 2083 ut
1360 2034 1434 2083 nobis
1451 2048 1496 2097 per

306 2124 364 2166 tuas
382 2116 479 2165 litteras
496 2114 642 2178 frequenter
658 2114 778 2175 insinues,
796 2116 856 2178 quid
873 2122 900 2165 et
917 2123 1041 2179 quantum
1058 2116 1089 2165 de
1107 2116 1213 2175 decima,
1226 2116 1495 2181 legatiaobuentioni·

304 2201 353 2251 bns
371 2206 397 2250 et
413 2198 471 2264 alijs
488 2200 641 2265 supradietis
658 2199 690 2249 de
707 2200 852 2249 huiusmodi
870 2198 1045 2252 subelectione
1056 2216 1102 2265 pro
1115 2208 1183 2251 terra
1196 2200 1311 2266 sepefata
1322 2204 1455 2269 receperis,
1463 2219 1495 2253 ao

305 2285 383 2336 etiarn
401 2285 509 2349 qualiter
525 2285 552 2334 in
569 2286 673 2348 negotio
699 2285 858 2348 procedatur.
904 2284 1003 2335 Datum
1028 2284 1110 2335 Reme
1135 2287 1203 2349 apud
1229 2295 1344 2337 sanctam
1371 2286 1494 2338 Sabinam

305 2371 363 2423 idus
379 2370 530 2423 Decembris
546 2370 712 2435 pontificatus
728 2371 812 2420 nostrl
827 2383 895 2420 anno
912 2369 1003 2434 primo.

582 2479 585 2484 ·
653 2450 718 2498 ursa
733 2453 777 2495 Vnt.
790 2453 835 2502 llas.
850 2454 920 2496 donor.
934 2453 966 2491 lv.
980 2464 1011 2494 su.
1025 2453 1039 2494 Ι.
1053 2463 1083 2510 sp.
1096 2448 1150 2497 m).

691 2643 742 2701 ll.
789 2643 878 2703 ttao.
923 2643 1113 2704 bledanum.

330 2737 355 2821 ‚⁹
370 2755 502 2815 Honorius
520 2756 653 2827 opiscopus
671 2775 690 2809 s.
710 2774 730 2812 s.
748 2758 772 2810 d.
789 2756 920 2817 oadssimo
933 2760 959 2810 iu
972 2757 1075 2835 (lhristo
1092 2758 1145 2811 illio
1159 2796 1165 2808 .
1178 2759 1185 2809 ζ
1198 2761 1252 2825 regi
1264 2755 1493 2832 Norweyejlluatri

302 2843 414 2901 salutem
431 2852 457 2894 et
474 2842 643 2911 apostolicam
660 2843 871 2899 benedictionem.
908 2842 1031 2899 Geronton
1049 2860 1185 2912 personam
1201 2845 1299 2910 regiam
1316 2846 1343 2898 in
1354 2846 1493 2897 uisceribus

302 2928 425 2991 caritatis,
443 2929 487 2980 illo
505 2936 531 2979 te
548 2926 727 2991 moderamine,
745 2928 840 2993 illaque
856 2929 1021 2997 prouidentia
1038 2938 1096 2981 tuos
1125 2939 1197 2982 actus
1223 2939 1250 2981 et
1278 2924 1358 2996 ope‘ra
1386 2928 1494 2997 dirigere

302 3012 462 3077 affectamus,
479 3021 508 3064 ut
525 3013 578 3078 rogi
597 3029 685 3078 regum
703 3013 795 3064 exinde
809 3015 924 3065 reddaris
934 3014 1072 3081 acceptior,
1085 3014 1180 3081 tibique
1192 3023 1279 3081 preter
1289 3015 1493 3085 laudishumaue

302 3101 460 3164 preconium,
478 3098 568 3150 salutis
591 3100 725 3163 proueniat
750 3098 944 3150 incrementum.
992 3100 1174 3151 intelleximus
1203 3100 1326 3166 siquidem
1356 3100 1423 3164 quod
1448 3099 1492 3150 iel.

302 3178 401 3236 record.
419 3183 546 3234 Martinus
563 3199 631 3249 papa
648 3183 702 3246 iiij.
719 3184 885 3247 predecessor
901 3193 997 3244 noster,
1024 3201 1149 3251 perpenso
1175 3187 1242 3250 quod
1268 3187 1299 3235 de
1325 3186 1397 3235 ouria
1421 3184 1493 3250 regia

302 3268 430 3333 generalis
447 3268 586 3334 prohibitio
604 3276 744 3331 emanarat,
762 3285 793 3320 ne
811 3269 893 3334 quinis
910 3270 992 3320 laicus
1010 3272 1081 3336 regni
1100 3270 1137 3321 tui
1155 3270 1292 3336 sterlingos
1304 3271 1346 3320 uel
1358 3277 1492 3335 argentum

302 3355 374 3406 alind
391 3353 498 3418 predicti
516 3354 586 3417 regni
603 3353 701 3402 clericis
719 3355 830 3404 uendere
851 3356 1044 3419 quomodolibet
1067 3362 1240 3421 attemptaret,
1257 3361 1283 3405 et
1301 3356 1322 3405 si
1340 3371 1413 3406 secus
1431 3370 1492 3420 pre-

302 3448 423 3501 sumeret,
441 3449 510 3488 certa
528 3452 595 3502 pena
611 3438 758 3503 pecuniaria
784 3440 924 3507 puniretur,
951 3440 1113 3491 serenitatem
1139 3451 1279 3506 mamper
1304 3457 1363 3492 suas
1392 3441 1492 3490 litteras

302 3525 445 3590 rogandam
463 3523 537 3573 duxit
555 3523 676 3573 attentius
694 3531 720 3573 et
737 3525 900 3588 hortandam,
919 3533 947 3576 ut
963 3540 1010 3590 pro
1029 3523 1116 3576 diuina
1133 3534 1159 3575 ct
1175 3525 1315 3591 apostolice
1333 3525 1401 3576 sedis
1420 3540 1492 3575 reue·

302 3607 385 3660 rentia
402 3606 600 3673 prohibitionem
627 3607 780 3669 huiusmodi,
799 3624 856 3660 cum
874 3612 900 3659 in
918 3609 1014 3674 negotij
1033 3617 1099 3661 terre
1116 3618 1204 3660 sancte
1222 3611 1381 3676 dispendium
1400 3611 1491 3660 redun-

302 3695 383 3755 daret,
402 3693 504 3742 sublata
522 3691 673 3743 difficultate
690 3695 804 3758 qualibet
820 3710 962 3745 reuocares.
998 3693 1065 3747 cnm
1077 3694 1156 3758 igitur
1167 3696 1200 3745 nd
1212 3696 1291 3760 ipsius
1303 3696 1491 3761 promotionem

301 3778 398 3842 negotij
419 3779 529 3829 sollicite
547 3778 716 3838 intendentes,
735 3779 789 3830 eius
807 3781 920 3845 quelibet
936 3781 1083 3831 studeamus
1102 3780 1236 3831 obstacula
1261 3782 1422 3841 submouere,
1440 3780 1491 3830 oel-

301 3865 439 3930 titudinem
457 3863 553 3928 regiam
571 3877 692 3926 rogamus
710 3871 736 3913 et
752 3865 887 3915 hortamur
904 3872 1007 3927 attente,
1026 3865 1146 3929 quatinus
1164 3867 1198 3916 ob
1225 3866 1337 3917 diuinam
1368 3873 1394 3915 et
1423 3865 1490 3916 sedis

300 3951 470 4000 reuerentiam
488 3948 641 4012 supradicte,
658 3949 855 4022 prohibitionem
872 3950 1020 4017 predictam,
1039 3965 1088 4014 que
1105 3950 1125 4001 si
1145 3951 1282 4015 diligenter
1298 3953 1439 4002 attenditur
1464 3952 1490 4000 iu

301 4036 338 4092 tui
356 4035 425 4086 cedit
442 4035 634 4098 derogationem
652 4035 833 4096 honoris,·uou
851 4034 953 4087 differas
971 4051 1098 4097 reuocare,
1116 4036 1489 4101 itaquodproindeedomino

300 4122 423 4186 premium
442 4118 563 4182 consequi
580 4119 709 4180 merearis,
721 4134 818 4183 uosque
827 4119 896 4185 regie
909 4120 1054 4171 deuotionis
1067 4121 1293 4186 promptitudinem
1302 4136 1353 4172 non
1363 4121 1489 4172 immerito

300 4206 514 4261 commendemus.
540 4204 638 4254 Datum
658 4204 740 4255 Rome
758 4205 826 4270 apud
843 4213 959 4256 sanctam
975 4204 1095 4257 Sabinam
1105 4222 1185 4257 uenas
1195 4205 1313 4270 Jauuarij
1325 4208 1489 4273 pontificatus

300 4291 381 4344 no'stri
399 4305 467 4343 auno
488 4289 579 4353 primo.

648 4355 713 4402 (trel.
727 4357 769 4396 Vst.
783 4357 829 4405 ling.
844 4358 913 4397 Honor.
927 4357 957 4396 lv.
971 4368 1002 4396 sn.
1017 4358 1030 4395 l.
1044 4369 1074 4407 sp.
1088 4355 1142 4402 trs).

682 4549 731 4608 43.
780 4549 867 4608 1286.
912 4549 961 4608 dte
982 4549 1105 4609 Jannar.

365 4661 495 4715 Honorius
513 4664 647 4730 epiecopus
664 4680 684 4714 s.
703 4680 723 4715 e.
742 4665 766 4715 d.
785 4666 917 4717 carissimo
929 4667 956 4716 iu
968 4664 1072 4718 onusto
1085 4665 1139 4717 illio
1152 4703 1158 4716 .
1172 4667 1243 4730 ⁸regi
1255 4667 1379 4732 Norweye
1389 4666 1488 4730 jllustri

299 4748 451 4803 salutemet
472 4749 642 4813 apostolicam
664 4749 877 4803 benedictionem.
920 4749 947 4801 A
972 4751 1042 4815 regia
1066 4752 1208 4803 amenitatis
1234 4753 1327 4807 notitia
1353 4751 1408 4804 fore
1435 4765 1488 4805 non

300 4830 426 4889 credimus
443 4833 563 4894 alienum,
581 4834 690 4899 qualiter
706 4835 830 4887 hactenus
848 4833 891 4887 iel.
910 4837 1008 4895 record.
1026 4835 1154 4889 Martinus
1171 4837 1311 4966 ριρῆάέιὶ.
1323 4838 1488 4902 predecessor
