3584 5625
861 504 917 560 181

295 690 434 738 Residuurn
453 703 515 737 uero
535 702 613 751 vsque
631 688 665 736 ad
681 687 822 755 predictam
846 688 969 737 maiorem
995 701 1127 735 summam.
1154 683 1273 733 videlicet
1300 681 1366 745 ,iiith
1389 682 1485 731 milium

295 776 461 836 ducentarum
480 781 539 822 octo
557 772 717 821 marcharum
736 779 762 820 et
780 772 886 820 duarum
906 786 1006 821 orarum
1025 769 1115 819 sutrin
1134 770 1201 819 dicta
1220 783 1298 834 parua
1316 767 1486 817 monete-No·

249 915 253 922 .
295 859 388 907 ricana.
434 858 503 907 Jtem
522 858 553 906 de
572 856 723 906 ecclesiast
741 858 842 921 dyocesi
860 856 992 919 Bergensl,
1010 856 1082 904 cuius
1100 855 1187 903 totalis
1206 869 1305 903 summa
1322 854 1436 902 ascendit
1453 853 1486 901 ad

295 944 346 992 duo
365 942 435 992 milia
453 942 627 1005 septingentas
645 942 761 991 marchas
787 942 852 990 dieto
879 956 959 1005 parue
987 949 1097 989 monete.
1144 937 1180 988 Jn
1208 952 1258 1001 qua
1287 939 1360 988 totali
1387 952 1487 987 summa

296 1028 390 1076 luerint
407 1026 512 1076 incluse.
532 1025 671 1088 nonaginta
688 1041 742 1076 sex.
761 1027 863 1075 marche
882 1026 982 1089 argenti
1000 1027 1147 1089 computate
1158 1038 1204 1087 pro
1219 1022 1338 1072 trecentis
1350 1023 1486 1086 sexaginta

296 1113 412 1161 marchis.
457 1111 527 1161 Jtem
554 1111 686 1174 octoginta
711 1112 800 1161 florcui
827 1111 881 1160 auri
909 1111 1048 1173 computati
1076 1124 1122 1172 pro
1141 1109 1274 1171 octogiuta
1291 1108 1401 1157 marchis
1420 1109 1486 1158 dicte

295 1212 373 1260 parua
392 1205 501 1245 monete.
537 1196 677 1264 Residuum
706 1210 776 1244 uero.
805 1210 883 1258 reque
913 1197 946 1244 ad
973 1196 1065 1244 dictam
1090 1207 1223 1243 summam.
1241 1193 1360 1242 videlicet
1378 1194 1485 1241 duorum

295 1282 392 1331 milium
411 1288 436 1330 et
453 1281 671 1344 septingentarum
697 1280 867 1329 marcharum.
899 1281 924 1329 in
954 1280 1022 1329 dicta
1050 1294 1131 1342 parua
1159 1286 1263 1327 moneta
1292 1276 1348 1336 init,
1373 1279 1433 1328 item
1455 1280 1487 1327 de

294 1367 403 1416 ecclesia
421 1373 446 1415 et
464 1366 565 1428 dyocesi
584 1363 799 1424 *Grenlendensh
818 1367 890 1414 cuius
914 1380 1013 1414 summa
1038 1366 1159 1425 ascendit,
1183 1364 1215 1412 ad
1243 1363 1377 1412 duodecim
1400 1363 1505 1424 libras„

295 1460 321 1502 ct
338 1450 529 1515 quatuordecim
548 1450 644 1501 solidos
663 1464 809 1511 grossorum
827 1450 1021 1500 Turonensium.
1064 1449 1134 1499 Jtem
1158 1452 1189 1499 de
1207 1448 1370 1513 septuaginta
1388 1447 1487 1498 duabus

295 1538 405 1586 marchis
432 1537 612 1598 sterlingorum
636 1537 743 1599 receptis
766 1536 797 1596 de
824 1536 924 1584 decima
951 1535 1056 1585 ecclesie
1083 1532 1247 1585 Orcadensis.
1292 1531 1373 1584 cutus
1399 1533 1487 1582 totalis

295 1637 394 1670 summa
412 1621 527 1672 ascendit
545 1622 577 1670 ad
596 1622 719 1671 ducentes
738 1621 924 1685 quinquaginta
943 1635 989 1669 sex
1007 1621 1125 1670 marchas
1143 1619 1332 1683 sterlingorum.
1368 1618 1438 1668 Jtem
1456 1618 1487 1667 de

295 1706 439 1769 quingentis
458 1707 545 1756 decem
565 1715 623 1755 octo
640 1706 751 1755 marchis
770 1714 795 1754 ct
812 1706 892 1754 trihus
912 1706 963 1755 oris
981 1720 1060 1769 parus
1073 1711 1174 1755 monete
1186 1703 1314 1754 Nor-icens
1329 1705 1438 1766 receptis
1456 1704 1487 1752 de

295 1791 393 1841 decima
412 1790 517 1841 ecclesie
530 1791 736 1853 Steuangrcnsia‚
750 1792 821 1840 cuius
840 1790 928 1839 totalis
947 1805 1045 1839 summa
1063 1788 1132 1837 mille
1150 1790 1335 1852 quadringente
1347 1789 1488 1851 nonaginta

296 1885 405 1939 quatuor
423 1878 532 1925 marcho.
577 1875 647 1926 Jtem
673 1876 705 1925 de
732 1875 839 1925 ecclesia
866 1883 891 1925 et
915 1875 1008 1924 diocesi
1029 1873 1157 1933 Osloensi,
1181 1874 1253 1923 cuins
1271 1873 1360 1924 totalis
1379 1889 1487 1924 summa.

296 1962 410 2011 ascendit
428 1962 461 2010 ad
479 1961 589 2024 quinque
607 1960 678 2009 milia
696 1961 759 2010 duas
777 1960 895 2009 marchas
913 1975 972 2010 oum
990 1960 1103 2009 dimidia.
1121 1966 1148 2008 et
1166 1959 1296 2008 dimidiam
1320 1972 1391 2007 oram
1409 1974 1488 2032 paruo

297 2055 398 2096 monete
416 2045 551 2108 Noricane.
576 2044 611 2095 dn
629 2061 680 2109 qua
702 2046 776 2096 totali
802 2061 910 2096 summa.
940 2044 1044 2093 fuerunt
1069 2043 1167 2092 incluse
1193 2042 1379 2107 quadringente
1396 2058 1489 2093 nouem

297 2130 398 2179 marche
417 2132 512 2179 tamin
532 2130 667 2194 sterlingis.
695 2146 771 2194 quam
797 2132 823 2179 in
849 2128 998 2192 fragmentis
1025 2128 1153 2191 argenteis
1179 2137 1327 2193 computate
1353 2144 1400 2192 pro
1418 2127 1488 2178 mille

297 2215 424 2263 sexcentis
443 2215 614 2278 (quadraginta
632 2224 658 2265 et
675 2230 722 2265 aaa
740 2215 849 2265 marchis
868 2216 934 2265 dicte
952 2228 1030 2279 parua
1048 2220 1156 2264 monete.
1197 2214 1337 2263 Residuum
1361 2228 1423 2263 uero
1441 2212 1490 2263 tuit

297 2313 375 2363 rsque
393 2300 426 2348 ad
444 2300 539 2349 dictam
558 2315 682 2349 summam
701 2300 821 2350 uidelicet
838 2300 949 2363 quinque
971 2298 1048 2349 milia.
1079 2298 1142 2347 duas
1168 2299 1285 2348 marchas
1309 2314 1366 2348 cum
1385 2298 1490 2348 dimidie

297 2390 323 2433 et
341 2384 446 2434 dimidia
464 2399 510 2434 ore
528 2386 594 2435 dicte
611 2399 691 2449 paruo
708 2392 810 2435 monete
829 2386 932 2435 venalis.
968 2382 1037 2433 utem
1056 2384 1087 2432 de
1106 2382 1214 2432 ecclesia
1232 2391 1258 2432 et
1276 2382 1489 2433 diocesiHamar-

297 2471 359 2518 cnei.
378 2471 449 2519 cuius
467 2470 554 2520 totalis
573 2485 673 2519 summa
690 2470 805 2519 ascendit
821 2485 899 2533 reque
918 2469 950 2518 ad
968 2468 1038 2520 mille
1056 2469 1208 2531 quingentas
1234 2477 1259 2517 et
1286 2476 1337 2518 tres
1364 2468 1488 2517 marchas.

296 2569 375 2619 perue
393 2563 496 2605 monete
513 2553 650 2604 Noricane.
698 2554 734 2605 Jn
763 2570 813 2618 qua
843 2554 917 2604 totali
946 2568 1053 2603 summa.
1080 2551 1184 2601 fuerunt
1207 2544 1369 2603 inelnse'sex
1387 2552 1489 2603 marcho

296 2640 397 2702 argenti
415 2646 562 2703 computate
579 2654 626 2703 pro
645 2641 732 2690 decem
756 2648 782 2689 et
806 2647 865 2689 octo
891 2640 1002 2689 marchis
1029 2638 1096 2687 dicte
1121 2652 1200 2702 parua
1226 2646 1328 2688 monete
1353 2637 1489 2687 Noricane.

295 2724 436 2775 Residuum
455 2738 515 2773 nero
532 2738 613 2787 usque
630 2725 664 2774 ad
682 2724 776 2774 dictam
795 2739 921 2776 summam
939 2723 1059 2773 uidelicet
1076 2723 1145 2772 mille
1157 2724 1355 2786 quingentarum
1368 2724 1490 2786 quinqua·

296 2809 369 2873 ginta
386 2809 462 2859 trium
480 2809 641 2861 marcharum
659 2808 708 2861 suit
724 2810 751 2860 in
769 2810 837 2861 dicta
853 2825 935 2875 parua
952 2810 1061 2875 pecunia
1077 2807 1214 2860 Noricana.
1233 2823 1281 2873 qne
1299 2808 1384 2859 omnia
1402 2821 1490 2871 supre-

297 2894 400 2960 scripta‚
420 2903 523 2959 recepta
541 2903 567 2944 et
584 2896 677 2946 leuata.
696 2895 799 2946 luerunt
817 2897 849 2946 ad
867 2896 998 2945 marcham
1016 2892 1180 2945 Noricanam.
1225 2894 1296 2944 «Item
1323 2895 1354 2943 de
1380 2892 1489 2942 ecclesia

296 2988 322 3031 et
340 2980 434 3030 diocesi
451 2979 597 3044 Vpsalensi.
623 2982 650 3031 in
675 2995 756 3044 regno
780 2981 876 3032 Swocie
894 2979 966 3029 euius
985 2980 1082 3043 decime
1100 2980 1188 3030 totalis
1206 2993 1306 3029 summa
1324 2977 1438 3029 ascendit
1456 2977 1488 3026 ad

298 3064 346 3114 tria
363 3064 443 3113 milia.
463 3064 624 3128 octingentas
644 3067 748 3129 triginta
766 3067 829 3117 duas
847 3065 964 3115 marchas
983 3071 1129 3114 numeratae
1148 3065 1180 3115 ad
1198 3065 1302 3117 modum
1317 3062 1413 3114 Saecie
1432 3076 1489 3110 cnm

298 3150 396 3198 duabus
415 3148 466 3199 oris
484 3150 551 3200 dicte
568 3159 737 3215 monetaque
756 3151 856 3214 quidem
874 3164 975 3199 summa
991 3151 1098 3214 pecunie
1116 3150 1165 3200 fuit
1181 3155 1339 3198 commutata
1352 3147 1382 3210 jn
1400 3161 1490 3210 argen-

298 3242 359 3283 tum.
379 3234 450 3282 errius
468 3235 568 3297 argenti
587 3249 686 3283 summa
704 3236 826 3295 ascendit,
845 3235 877 3284 ad
896 3235 1070 3298 septingentas
1093 3235 1257 3300 septuaginta
1279 3233 1396 3283 marchas
1422 3245 1490 3296 pon·

298 3319 407 3367 deratas.
455 3316 526 3367 Jtem
552 3319 583 3367 de
609 3316 718 3367 ecclesia
744 3325 770 3368 et
793 3318 889 3368 diocesi
915 3318 1099 3383 Strenginensi.
1119 3320 1235 3369 ascendit
1252 3332 1352 3368 summa
1370 3316 1402 3366 ad
1420 3314 1490 3365 mille

299 3397 481 3465 septingentas.
500 3403 663 3473 septuaginta
680 3411 778 3467 septem
800 3404 919 3453 marchas
934 3395 1089 3454 ‘numeratas
1120 3405 1152 3454 ad
1182 3405 1285 3453 modum
1315 3401 1419 3453 Swecic.
1455 3401 1491 3450 dn

297 3502 347 3550 qua
365 3486 439 3536 totali
458 3503 563 3537 summa.
583 3487 687 3537 fuerunt
704 3489 800 3538 incluse
819 3498 920 3539 centrum
939 3489 1046 3552 triginta
1062 3489 1166 3538 marche
1184 3488 1211 3537 in
1229 3487 1378 3550 fragmentis
1392 3485 1489 3547 argenti
1538 3521 1546 3536 .

297 3574 330 3622 ad
348 3573 448 3636 pondus
467 3574 498 3622 de
517 3572 681 3647 Stocholmis.
702 3588 750 3636 que
774 3581 921 3638 computate
948 3573 1051 3623 fuerunt
1078 3589 1126 3638 pro
1152 3573 1280 3622 sexcentis
1307 3570 1491 3635 quinquaginta

297 3657 406 3706 marchis
425 3658 564 3708 numeratis
583 3657 649 3706 dicte
666 3666 776 3707 monete.
822 3659 962 3709 Residnum
990 3675 1051 3708 uero
1081 3674 1159 3727 usque
1185 3660 1218 3709 ad
1247 3660 1341 3708 dictam
1366 3670 1489 3704 summam

296 3743 345 3793 suit
359 3743 390 3806 jn
407 3758 488 3806 parua
505 3742 613 3805 pecunia
631 3741 788 3792 Sweuicana.
824 3744 893 3794 dtem
911 3745 942 3793 de
955 3744 1063 3793 ecclesia
1075 3752 1101 3792 et
1113 3743 1206 3794 diocesi
1219 3741 1371 3806 Liucopensi
1383 3748 1491 3804 excepta

298 3831 381 3879 insula
398 3830 527 3878 duntaxat
545 3826 667 3878 Gutland.
687 3829 758 3877 errius
777 3844 877 3879 summa
893 3829 1010 3878 ascendit
1028 3830 1060 3878 ad
1073 3831 1121 3878 tria
1133 3828 1211 3877 milia.
1222 3825 1395 3890 septingentas
1411 3839 1490 3874 nona·

297 3914 369 3977 gima
386 3923 412 3963 et
430 3928 506 3962 vnam
524 3913 654 3962 marcham
673 3912 739 3961 dicte
757 3912 864 3975 pecunie
879 3913 1036 3964 Suauicane.
1055 3911 1091 3962 «ln
1109 3928 1159 3977 qua
1176 3913 1251 3969 totali
1270 3926 1370 3960 summa
1387 3911 1491 3961 fuerunt

298 3998 395 4047 incluse
413 4005 526 4047 trecente
544 3999 659 4047 rudecim
678 3998 781 4051 marche
799 4006 825 4047 et
843 4013 887 4048 sex
912 4014 957 4048 erc
984 3999 1101 4062 argentis.
1139 3998 1209 4047 dtam
1239 3996 1373 4046 duodecim
1402 3995 1490 4044 floreni

298 4085 352 4132 auri
370 4099 418 4133 sea
436 4083 516 4134 libere
534 4084 654 4132 tredecim
673 4083 748 4132 solidi
771 4072 917 4145 ¹grossorum
944 4066 1140 4132 Turonensinm.
1167 4085 1216 4133 due
1241 4082 1305 4132 libre
1332 4089 1382 4129 tres
1409 4079 1490 4129 solidi.

298 4184 355 4217 cum
374 4169 455 4217 tribus
474 4166 584 4230 denarijs
603 4167 791 4230 sterlingorum.
810 4169 900 4231 viginti
923 4169 974 4218 dno
998 4168 1071 4217 solidi
1090 4176 1116 4216 et
1133 4176 1192 4215 octo
1210 4166 1305 4226 denarij
1325 4166 1489 4215 Boemorum.

298 4253 367 4302 sltem
387 4254 436 4301 doe
454 4252 557 4301 marche
576 4259 601 4301 et
618 4268 668 4300 vna
687 4268 733 4301 ora
751 4267 807 4300 cum
826 4253 932 4303 dimidio
951 4254 1035 4302 solido
1058 4254 1120 4301 auri.
1153 4267 1201 4314 quc
1230 4251 1313 4299 omnia
1342 4258 1490 4313 computata

298 4338 401 4386 luerunt
416 4337 447 4398 ju
465 4338 534 4386 dicta
552 4337 625 4397 totali
645 4353 744 4386 summa
761 4353 807 4400 pro
827 4338 895 4386 mille
913 4338 1050 4401 nongentis
1077 4336 1247 4401 quadraginta
1275 4335 1354 4384 tribus
1380 4333 1490 4383 marchis

299 4423 478 4486 quinquessoris
498 4430 523 4470 et
542 4422 732 4485 octodenarijs
751 4424 897 4472 numeratis.
942 4423 1013 4473 «Item
1038 4425 1069 4473 do
1093 4421 1201 4471 ecclesia
1219 4428 1244 4468 et
1262 4419 1357 4468 diocesi
1375 4418 1491 4468 Vexion·

298 4509 359 4557 ensi.
381 4507 710 4566 cuiussummaascendit‚
729 4506 902 4556 adducentes
921 4508 1056 4569 sexaginta
1075 4505 1281 4554 duasmarchas.
1310 4513 1336 4553 et
1361 4519 1408 4552 sex
1432 4518 1490 4576 orus

299 4594 365 4642 dicte
383 4591 490 4656 pecunie
508 4606 565 4640 cum
583 4592 694 4641 sedecim
712 4591 823 4653 denarijs
842 4593 989 4641 numeratis.
1017 4591 1052 4640 Jn
1078 4606 1128 4654 qua
1158 4590 1233 4648 totali
1261 4604 1361 4638 summa
1389 4588 1492 4638 fuerunt

250 4679 255 4689 '
299 4678 396 4726 incluso
415 4683 525 4738 quatuor
542 4677 646 4725 marche
664 4684 690 4725 et
707 4692 756 4724 vna
774 4692 818 4725 ora
837 4675 937 4739 argenti
955 4675 1044 4739 viginti
1064 4684 1123 4724 octo
1136 4675 1218 4724 solidi.
1233 4681 1259 4722 ct
1270 4673 1378 4737 quinque
1392 4673 1489 4734 denarij

300 4775 446 4825 grossorum
465 4759 660 4809 Turonensium.
679 4760 849 4823 quadraginta
869 4776 934 4809 vous
958 4760 1054 4810 solidus
1078 4771 1105 4810 ct
1131 4769 1240 4823 quatuor
1266 4757 1363 4820 denarij
1391 4756 1491 4806 sterlin-

300 4862 399 4908 gorum.
419 4860 513 4895 nouem
531 4845 605 4894 solidi
624 4853 649 4893 et
668 4854 778 4908 quatuor
796 4845 891 4908 denarij
912 4847 1009 4907 argenti
1029 4846 1060 4894 de
1079 4844 1275 4907 *neronisque
1292 4842 1374 4891 cornia
1390 4840 1490 4890 suerunt
