3584 5625
910 442 966 498 122

430 620 518 683 ¹Item
539 623 584 682 die
608 624 673 700 .viij.
696 624 874 701 Septembris
896 629 958 687 misi
991 628 1029 684 ad
1059 628 1225 686 Elandriam
1257 629 1363 687 iterum
1395 628 1531 687 Hemmi·

343 725 456 784 chinum
478 724 614 783 famulum
643 746 708 784 cum
742 728 870 804 pecunijs
904 739 931 785 et
957 730 1049 786 ¹rebus
1081 726 1155 805 *que
1188 750 1353 805 receperam
1386 715 1417 788 in
1448 730 1530 789 Nor·

341 827 434 902 wegia
454 827 502 904 qui
525 846 657 885 reuersus
679 830 716 886 ad
749 849 794 887 me
826 830 899 887 dixit
930 849 961 887 se
993 831 1226 906 expendisse-
1250 830 1339 906 .xviij.
1360 830 1413 889 sol.
1435 849 1531 906 gross.

343 929 564 988 Turonensium.

375 1043 377 1048 ’
424 1026 511 1089 ²Item
532 1032 618 1090 soluit
639 1032 714 1089 idem
738 1033 954 1092 Hemmichinus
976 1053 1028 1109 pro
1051 1034 1139 1091 naulo
1161 1041 1190 1091 et
1211 1053 1263 1109 pro
1285 1034 1353 1114 naui
1383 1032 1532 1091 trahenda

342 1133 378 1188 ad
401 1141 514 1207 portum
536 1133 605 1209 quia
626 1132 716 1192 fracta
737 1134 790 1192 luit
812 1145 840 1192 et
861 1155 914 1211 pro
936 1147 1005 1192 noto
1034 1136 1138 1194 emisso
1167 1136 1204 1193 ad
1236 1144 1366 1193 sanctam
1399 1133 1530 1192 Mariam

342 1233 377 1291 de
400 1234 484 1309 Rupe
505 1234 641 1292 amatoris
665 1264 702 1273 -
727 1236 795 1311 xxj.
819 1237 870 1294 sol.
891 1255 982 1312 gross.
1007 1236 1228 1295 Turonensium.

425 1333 497 1391 Item
519 1335 593 1394 solui
614 1355 667 1411 pro
689 1357 863 1413 pergameno
894 1367 920 1375 -
949 1337 1013 1412 .viij.
1036 1357 1126 1413 gross.
1150 1339 1343 1396 Turonenses.

327 1489 329 1498 ,
426 1431 513 1494 ⁸Item
535 1436 580 1494 die
603 1437 659 1512 aij.
682 1439 857 1515 Septembris
879 1440 916 1497 ad
938 1440 1109 1499 instanciam
1141 1438 1290 1497 Nobilium
1322 1438 1416 1515 Regni
1449 1439 1530 1498 Nor·

341 1538 434 1614 wegie
456 1539 532 1595 exiui
563 1539 708 1597 ciuitatem
742 1540 916 1617 Bergensem
949 1542 1123 1599 reuertendo
1155 1541 1192 1599 ad
1225 1540 1298 1598 alias
1328 1550 1425 1616 partes
1458 1540 1531 1597 dicti

341 1638 435 1715 Regni
455 1641 504 1697 ubi
525 1640 673 1717 Episcopi,
694 1641 850 1712 Osloensis,
873 1644 1060 1701 Hamarensis
1082 1652 1110 1700 et
1134 1641 1357 1717 Stauangrensis
1379 1641 1532 1699 debebant

340 1740 409 1798 mihi
431 1760 581 1800 occurrere
603 1742 706 1801 facturi
727 1744 872 1801 racionem
895 1746 931 1802 de
953 1744 1006 1819 hijs
1024 1763 1076 1820 pro
1088 1744 1193 1819 quibus
1210 1761 1405 1818 processeram
1422 1751 1531 1800 contra

339 1841 418 1917 ipsos
439 1852 467 1899 et
488 1842 527 1901 lui
549 1845 577 1901 in
599 1845 648 1902 uia
668 1846 719 1901 illa
739 1865 830 1921 usque
852 1848 889 1904 ad
909 1848 1011 1905 testum
1041 1846 1169 1903 omnium
1195 1853 1374 1902 sanctorum·
1393 1850 1422 1901 et
1458 1844 1530 1903 dedi

340 1944 453 2004 lamulis
475 1945 523 2003 dfii
545 1946 645 2005 Ywari
667 1948 753 2005 Roua
773 1947 874 2007 Militis
896 1948 946 2024 qui
979 1968 1023 2005 me
1055 1946 1193 2006 conduxit
1217 1974 1252 1985 -
1277 1945 1334 2021 .xiJ’.
1358 1945 1411 2003 sol.
1433 1964 1532 2021 gross.

340 2047 561 2106 Turonensium.
1346 2043 1349 2052 '

424 2148 497 2206 Item
520 2150 594 2207 solui
616 2169 668 2224 pro
691 2151 803 2208 duabus
824 2150 920 2208 tonnis
941 2151 976 2207 de
997 2148 1135 2208 *seruisia
1155 2148 1309 2208 Alamanie
1320 2167 1395 2225 quas
1407 2147 1477 2205 dedi
1488 2148 1532 2207 eis

341 2252 378 2309 ad
401 2252 556 2309 bibendum
586 2280 612 2288 -
643 2252 777 2328 iiij‘t'sol.
798 2271 890 2328 gross.
916 2252 1137 2311 Turonensium.

424 2350 514 2412 4Item
537 2354 603 2411 dedi
625 2354 672 2411 vni
696 2374 732 2411 ex
754 2354 837 2413 dictis
863 2354 977 2413 famulis
1010 2373 1097 2412 vnum
1130 2372 1236 2429 equum
1268 2351 1374 2410 valoris
1396 2380 1437 2390 —
1461 2350 1532 2427 .viiJ'.

341 2457 393 2515 sol.
418 2476 508 2532 gross.
529 2456 750 2515 Turonensium.

254 2572 334 2612 rotas·
426 2558 503 2615 Item
524 2557 569 2614 die
591 2557 637 2632 .vj.
659 2558 835 2618 Nouembris
857 2558 931 2617 solui
953 2556 1121 2615 conductori
1144 2557 1195 2634 qui
1223 2575 1269 2615 ms
1301 2554 1444 2616 conduxit
1477 2574 1534 2631 per

344 2659 479 2721 Sueciam
500 2679 552 2736 per
574 2658 640 2734 .viij.
663 2660 723 2718 dies
746 2679 812 2717 oum
833 2659 870 2735 .ij.
891 2659 1005 2718 famulis
1026 2658 1085 2717 suis
1107 2687 1147 2697 —
1171 2677 1206 2715 .v.
1228 2658 1327 2717 floren.
1348 2656 1421 2714 auri.

425 2762 498 2820 Item
522 2761 587 2819 dedi
610 2760 723 2820 famulis
745 2760 804 2820 suis
830 2788 861 2799 *-
888 2761 923 2836 ij.
946 2760 997 2820 sol.
1021 2779 1111 2837 gross.
1134 2759 1356 2819 Turonensium.

425 2865 498 2921 Item
520 2863 593 2922 solui
616 2882 668 2940 pro
696 2864 830 2941 expensis
862 2883 962 2922 eorum
994 2884 1047 2940 par
1079 2863 1147 2938 .viij.
1181 2862 1242 2920 dies
1275 2861 1380 2937 quibus
1411 2859 1536 2919 luerunt

343 2984 455 3023 mecum
478 2984 543 3022 cum
565 2966 656 3023 tribus
679 2966 760 3042 equis
787 2992 819 3002 -
845 2985 879 3023 .v.
900 2965 952 3024 sol.
974 2985 1065 3041 gross.
1088 2963 1309 3023 Turonensium.

425 3068 497 3126 Item
523 3066 588 3124 dedi
616 3067 721 3124 nuncio
753 3067 803 3141 qui
835 3068 904 3125 mihi
937 3067 1097 3142 reportauit
1128 3066 1238 3123 litteras
1271 3085 1322 3123 seu
1354 3061 1533 3139 *processos

341 3170 431 3229 iactos
453 3180 554 3228 contra
575 3168 752 3242 Episcopum
774 3167 987 3227 Vexionensem
1015 3197 1045 3206 -
1073 3168 1130 3243 aij.
1151 3187 1241 3243 grase.
1264 3166 1458 3224 Turonenses.

425 3273 499 3330 Item
522 3268 619 3344 ‚xxvji‘
637 3269 683 3326 die
704 3271 879 3329 Nouembris
902 3271 967 3328 dedi
994 3270 1101 3328 famulo
1135 3266 1330 3344 penitenciarij
1362 3267 1398 3324 de
1431 3266 1533 3326 Dacia

343 3375 419 3432 dicto
441 3374 540 3431 Looch
564 3372 613 3448 qui
636 3372 702 3429 mihi
726 3373 852 3447 portauit
874 3391 959 3430 vnam
982 3373 1106 3430 litteram
1124 3372 1252 3430 clausam
1271 3368 1533 3443 etduaspatentes

342 3475 516 3553 apostolicas
538 3475 607 3551 quia
629 3475 703 3531 dixit
725 3493 755 3532 se
777 3474 863 3532 luisse
885 3475 1040 3550 spoliatum
1062 3475 1090 3531 in
1114 3473 1171 3544 uia,
1193 3471 1271 3548 quod
1288 3489 1345 3529 non
1361 3470 1532 3528 luituerum

343 3586 373 3634 vt
392 3586 493 3651 postea
522 3576 608 3634 didici
650 3605 676 3613 ·-
705 3577 770 3650 .viij.
804 3595 893 3650 gross.
924 3576 1117 3633 Turonenses.
1151 3585 1179 3632 et
1208 3573 1284 3631 idem
1317 3574 1458 3630 habuerat
1492 3572 1533 3630 de

342 3689 447 3756 nepote
470 3698 533 3736 meo
556 3707 596 3716 -
618 3677 652 3752 ij.
674 3678 772 3735 floren.
795 3678 868 3734 euri.

426 3780 500 3838 Item
523 3779 588 3837 dedi
619 3780 724 3837 nuncio
746 3799 832 3855 quem
860 3778 924 3836 misi
957 3779 994 3834 ad
1028 3778 1203 3838 Sialsndiam
1236 3779 1274 3834 ad
1307 3774 1531 3853 significandum

343 3883 501 3940 aduentum
524 3901 618 3939 meum
641 3882 787 3957 Episcopo
811 3891 839 3937 et
861 3880 998 3956 Capitulo
1020 3879 1265 3951 Roskildensibus‚
1294 3879 1399 3955 quibus
1424 3877 1531 3952 scripsi

342 4004 430 4061 super
451 3983 504 4058 hijs
527 4003 582 4059 que
606 4002 717 4041 mecum
740 3984 884 4041 habebant
907 3982 1052 4058 expedire,
1066 3991 1095 4040 et
1117 3982 1254 4057 expendit
1273 3981 1303 4039 in
1326 3981 1374 4038 uia
1394 3979 1446 4037 illa
1466 3988 1531 4038 tam

343 4107 396 4163 pro
418 4086 504 4144 maris
526 4086 648 4144 transitu
675 4104 762 4162 quam
795 4104 848 4161 pro
881 4085 1015 4159 expensis
1038 4085 1097 4142 suis
1120 4103 1186 4142 cum
1210 4102 1284 4159 equo
1308 4091 1336 4139 et
1355 4080 1464 4138 famulo
1489 4107 1527 4119 -

426 4291 500 4348 Item
523 4289 585 4347 misi
618 4290 706 4347 alium
735 4291 872 4347 nuncium
900 4289 938 4345 ad
958 4288 1075 4347 dociam
1105 4289 1141 4345 ad
1176 4287 1325 4346 sciendum
1359 4286 1384 4343 si
1416 4284 1531 4361 aliquid

343 4410 508 4468 processum
531 4399 593 4448 erat
613 4391 642 4448 in
664 4391 719 4449 illis
742 4391 872 4467 partibus
892 4410 979 4466 super
999 4391 1173 4448 colleccione
1196 4389 1307 4447 decime
1325 4387 1375 4464 qui
1392 4406 1531 4447 reuersus

378 4520 458 4574 ¹Her
475 4525 527 4574 eri
553 4525 661 4588 Murgan
688 4525 745 4573 med
773 4539 804 4573 en
831 4523 914 4571 auden
941 4522 1032 4572 Haand
1059 4522 1167 4585 tillajet:
1196 4514 1331 4584 „auende.“
1377 4516 1529 4583 ’Ligesaa

410 4605 555 4672 ³Ligesaa.
590 4605 602 4634 ‘¹
619 4609 736 4672 Ligesaa.
773 4608 826 4657 Her
843 4607 954 4670 tilfojes:

820 4691 863 4754 iij.
890 4693 947 4740 libr.
973 4691 1032 4754 iiijoy
1054 4692 1101 4742 sol.
1129 4699 1155 4741 et
1181 4707 1214 4740 .x.
1239 4692 1296 4741 den.
1321 4704 1402 4763 gross.
1426 4687 1530 4740 Turon-

412 4757 479 4827 [up.]
490 4763 595 4814 Summa
609 4762 683 4811 huius
700 4762 793 4824 pagine
853 4763 958 4810 ensium.

820 4844 851 4878 .v.
869 4844 947 4878 marc.
965 4834 1067 4877 monete
1083 4824 1219 4877 Noricanc.
