3584 5625
837 450 876 513 29

408 646 530 707 Summa
547 654 628 722 patet
653 672 687 682 ·-
712 642 768 718 lvj.
790 645 905 701 marche
928 643 972 718 .vj.
994 644 1078 702 uncie
1099 662 1190 719 perne
1212 651 1335 701 monete.

407 748 529 810 Summa
549 764 725 806 summarum
755 744 849 803 tocius
880 753 996 822 recepte
1027 746 1063 803 de
1097 744 1215 803 denario
1248 743 1323 802 beati
1346 743 1425 802 Petri

322 849 417 925 Regni
438 848 596 924 Norwegie
1021 850 1025 859 '

414 957 455 1007 ‚vt
477 949 567 1024 lxxiij.
591 949 707 1006 marche
730 947 774 1020 .vi.
795 948 879 1006 vncie
901 967 992 1024 parua
1014 958 1128 1008 monete
1151 951 1306 1009 Noricanc.

240 1030 307 1109 [apl
346 1024 390 1092 est
416 1035 460 1110 .vj.
483 1034 566 1092 solidi
589 1033 803 1091 Turonensium
823 1052 990 1108 grossorum
1012 1035 1132 1109 argentj.

415 1119 460 1194 .vj.
483 1119 555 1177 libre
577 1118 643 1193 .xvj.
664 1118 757 1176 solidi.
779 1137 805 1175 v.
828 1116 936 1192 denarij
958 1117 1163 1194 sterlingorum
1185 1121 1304 1196 argentj.

681 1351 696 1357 ›-
710 1351 858 1358 ----,.-
880 1350 981 1356 ....—

239 1510 317 1587 Hcc
334 1477 595 1612 suutRecepte
612 1510 814 1610 legatorum
833 1520 931 1585 terre
949 1520 1075 1586 sancte
1093 1514 1198 1612 regni
1211 1508 1425 1609 Norwegia

321 1696 409 1752 Anno
429 1714 487 1772 quo
503 1713 591 1769 supra
608 1702 636 1751 et
654 1693 747 1769 prima
764 1693 810 1750 die
828 1691 933 1751 mensis
950 1690 1056 1768 Martij.
1078 1692 1254 1768 Recepimus
1265 1692 1359 1751 dictus
1371 1690 1427 1749 lra-

238 1805 281 1851 ter
292 1794 437 1855 Iohannes
448 1796 484 1855 do
501 1796 611 1857 Seronc
628 1804 656 1852 et
672 1813 726 1870 ego
745 1795 778 1852 B.
802 1794 837 1851 de
859 1794 976 1854 Ortolis.
1001 1813 1018 1851 e
1040 1795 1098 1853 dno
1121 1795 1273 1871 Torquillo
1294 1792 1426 1852 Mantelli

238 1896 378 1954 canonico
402 1897 543 1958 Osloensi.
560 1916 612 1974 pro
630 1896 733 1971 legatis
748 1904 823 1954 terre
835 1906 933 1955 sancte
948 1930 984 1939 —
998 1896 1066 1955 .xix.
1088 1915 1201 1955 marcas
1223 1905 1282 1955 tam
1303 1896 1332 1953 in
1355 1904 1427 1953 ster·

238 1996 323 2074 lingis
345 2018 432 2074 quam
454 1999 482 2056 in
506 1998 724 2057 Turonensibus
746 1989 857 2073 argenti
886 1998 923 2055 ad
945 1999 1058 2073 pondus
1072 1995 1268 2057 Noricanum.

322 2101 410 2158 Anno
432 2119 490 2177 quo
512 2121 600 2177 supra
622 2110 650 2158 et
670 2100 729 2156 xv'.fl
747 2097 793 2155 die
815 2099 921 2157 mensis
945 2099 1122 2176 Septembris
1143 2099 1317 2175 Recepimus
1339 2098 1428 2157 frater

238 2200 381 2259 Iohannes
398 2202 434 2259 de
452 2201 570 2263 Serone.
593 2212 622 2259 et
643 2221 698 2278 ego
718 2202 752 2261 B.
769 2202 805 2259 de
826 2199 984 2261 Ortolis.·a
1006 2201 1063 2258 dr‘ro
1086 2201 1303 2277 archiepiscopo
1320 2200 1427 2258 Nidro·

238 2301 334 2359 siensi.
360 2302 396 2359 de
423 2303 526 2377 legatis
547 2313 622 2361 terre
644 2311 742 2361 sancte
773 2332 798 2339 -
827 2301 898 2377 .iiij⁰.¹
917 2321 1030 2361 marcas
1050 2302 1078 2359 in
1102 2300 1283 2361 *fracmentis
1305 2301 1426 2378 argentj.

322 2403 410 2461 Anno
423 2404 473 2462 dni
483 2405 634 2463 millesimo
652 2410 724 2464 .cccl
746 2402 839 2479 xxvijl
872 2404 982 2480 Recepi
1001 2422 1055 2479 ego
1071 2402 1159 2461 frater
1169 2404 1313 2462 Iohannes
1327 2404 1362 2461 de
1375 2402 1426 2463 Se·

237 2520 315 2560 rone.
328 2523 346 2561 a
357 2504 414 2562 dno
428 2504 592 2564 Guthormo
604 2505 692 2563 milite
704 2514 732 2563 et
749 2504 868 2581 legifero
878 2504 1037 2581 Norwegia
1048 2533 1089 2543 -
1101 2524 1179 2562 .xxx.
1189 2524 1301 2563 marcas
1316 2506 1427 2581 argenti

240 2603 270 2661 in
297 2605 447 2682 sterlengis
474 2616 503 2663 et
526 2605 707 2665 *fracmentis
724 2606 761 2665 cd
777 2607 891 2683 pondus
907 2608 1096 2666 Noricanurn.

454 2758 575 2819 Summa
595 2760 701 2837 pagine
720 2760 757 2818 de
778 2760 881 2837 legatis
903 2768 979 2820 terre
1000 2769 1100 2821 sancte
1120 2760 1150 2819 in
1170 2779 1259 2837 regno
1271 2760 1429 2838 Norwegie

394 2853 499 2902 est-
521 2844 578 2920 iiij.
600 2848 716 2905 marche
739 2845 858 2922 argentj.

263 2803 329 2882 lau-l

736 2994 925 3001 ..—-—-—-—

411 3080 532 3141 Summa
553 3082 738 3142 Summarum
770 3084 896 3142 omnium
929 3089 1112 3159 receptorum
1143 3100 1197 3157 per
1228 3100 1281 3139 nos
1310 3080 1428 3138 fratrem
1442 3091 1526 3130 rosa.

327 3182 483 3240 Iohannem
510 3182 546 3242 de
569 3184 678 3245 Serone
705 3185 829 3261 priorem
862 3185 970 3243 ordinis
1003 3183 1216 3259 predicatorum
1242 3183 1278 3241 de
1300 3182 1430 3257 Figiaco.

327 3276 567 3342 ldt'Bernardum
590 3287 625 3344 de
648 3286 757 3346 Ortolis
789 3288 944 3345 Rectorem
978 3285 1099 3344 ecclesie
1133 3285 1169 3342 de
1201 3283 1367 3341 Noualibus
1398 3284 1427 3340 in

325 3398 415 3462 regno
437 3385 603 3461 Norwegie.
625 3396 684 3443 tam
707 3387 743 3444 de
764 3387 889 3447 decimis.
915 3389 1033 3446 denario
1055 3387 1131 3445 beati
1153 3385 1244 3443 Petri.
1271 3403 1359 3460 quam
1394 3386 1430 3442 de

326 3487 429 3562 legatis
449 3498 526 3544 terre
547 3495 646 3546 sancte
667 3497 696 3545 et
718 3488 890 3564 quibusdam
914 3487 1228 3564 condempnacionibus
1250 3495 1295 3543 est

420 3589 469 3664 .vjt
491 3590 550 3646 xix.
572 3591 687 3647 marche
700 3590 829 3649 .v.vncic
841 3589 888 3665 .iij.
905 3590 1000 3668 quarti
1015 3589 1136 3665 argenti.
1158 3587 1257 3644 valant
1280 3594 1321 3645 .v⁰.
1341 3587 1431 3662 lxviij.

463 3710 575 3749 marcas
597 3691 673 3766 .xiiij.
696 3693 829 3750 denarios
851 3692 888 3749 ad
923 3691 1035 3768 pondus
1067 3689 1276 3747 Auinionense.
1310 3689 1430 3765 singulis

462 3794 586 3850 marchis
609 3793 644 3849 de
666 3793 824 3869 Norwegia
844 3811 898 3869 pro
921 3792 977 3867 .vij.
990 3812 1053 3851 vnc.
1067 3791 1133 3867 .viij.
1151 3790 1276 3866 denarijs
1298 3793 1335 3849 ad
1358 3810 1430 3867 pon·

463 3894 516 3950 dus
539 3893 736 3952 Aninionense
759 3894 942 3971 computatis.
1072 3942 1076 3949 .

293 3988 366 4069 [apa]
422 4014 457 4052 .c.
479 3994 539 4069 liiij.
561 3995 662 4053 floreni
684 3995 755 4070 aurj.
1018 3983 1020 3989 ,

421 4095 466 4171 iij.
489 4097 572 4155 vncie
595 4116 660 4154 cum
683 4097 802 4155 dimidia
823 4098 895 4174 aurj.

422 4197 466 4273 .vj.
488 4198 571 4257 solidi
593 4198 649 4274 iiij.
672 4199 780 4275 denarij
803 4199 914 4258 Turou.
936 4198 1056 4275 argentj.

422 4301 506 4358 .xcix.
527 4300 599 4358 libre
622 4300 669 4358 .ix.
691 4301 743 4358 sol.
766 4299 812 4375 vij.
835 4301 899 4358 deu.
921 4300 1123 4376 sterlingorum
1144 4297 1263 4375 argentj.

422 4408 459 4458 vl*
476 4400 517 4475 iijc
539 4402 636 4477 xcviij.
659 4404 784 4461 marche.
806 4401 843 4477 iij.
865 4401 949 4460 vncie
972 4402 1018 4460 iii.
1041 4403 1138 4478 quarti
1159 4421 1251 4478 parue
1273 4396 1411 4477 pecunie.

369 4554 489 4613 Summa
501 4555 662 4612 debitorum
674 4554 703 4611 in
716 4554 792 4613 dicto
808 4573 897 4630 regno
925 4503 1433 4620 ..c-..uxxvrpmarcsterhngargentj.

635 4658 640 4670 ,
739 4658 744 4670 ,
925 4602 1433 4680 .ιιῃὲ.1κκ[ωυῇ.πιανε]ιι].ν[ί].νιιοὶε

245 4648 320 4728 [op]
376 4649 441 4733 [pro
464 4675 568 4712 camera
590 4657 638 4712 dha
660 4664 742 4714 aucha
759 4649 846 4731 pape]
927 4701 999 4780 [cum
1020 4701 1145 4781 dmm]
1169 4726 1260 4785 paruo
1281 4707 1413 4783 pecunie·

685 4955 988 4965 ---—--—--—-—-.
