3584 5625
937 436 995 505 ttl

452 631 527 694 Item
548 632 594 692 die
616 653 673 693 ,xm
694 632 784 709 Junij.
806 633 911 692 auditis
936 634 1101 693 melonibus
1135 632 1322 692 collectorum
1354 629 1561 690 Lundsnsinm

371 757 444 815 quas
464 745 533 795 tunc
555 736 675 793 reddere
698 745 831 811 poterant
853 735 985 793 uiuentes
1008 754 1073 793 nem
1095 734 1185 811 aliqui
1209 754 1246 793 ex
1268 734 1309 792 eis
1331 732 1437 791 mortui
1467 737 1561 801 eraut,

365 838 473 914 jterum
495 838 536 895 iui
556 837 594 894 ad
617 836 800 897 Sialendiam.
824 835 959 894 videlicet
976 836 1014 893 ed
1037 837 1184 895 ciuitatem
1200 835 1422 895 Roskildensem
1445 842 1475 892 et
1486 830 1562 892 solui

371 958 424 1015 pro
445 939 532 997 naulo
554 939 636 998 nauis
659 957 724 997 cum
747 957 806 1014 qua
827 938 946 996 transiui
970 948 1086 997 etcum
1108 957 1168 1015 qua
1190 938 1281 997 eciem
1301 936 1463 996 conductor
1478 951 1562 992 mens

370 1059 504 1099 reuersus
526 1039 578 1098 luit
600 1068 640 1078 -
663 1038 741 1114 .xiiij.
762 1058 852 1114 gross.
876 1040 1070 1099 Turonenses.

454 1141 529 1198 Item
550 1141 615 1198 dedi
637 1140 805 1199 conductori
827 1142 957 1216 predicto
983 1170 1016 1179 -
1042 1162 1078 1199 .x.
1101 1160 1192 1218 grass.
1218 1142 1412 1200 Turonenses.

456 1244 528 1301 Item
549 1241 710 1318 significaui
733 1242 790 1299 dr'ro
812 1242 960 1319 Episcopo
983 1243 1166 1302 Roslrildensi
1187 1243 1237 1319 qui
1259 1242 1288 1299 in
1316 1239 1445 1299 extraria
1477 1248 1563 1316 parte

372 1343 494 1401 diocesis
516 1362 567 1401 sue
590 1353 659 1415 erat,
686 1363 731 1400 me
759 1343 873 1402 uenisse
905 1344 943 1401 ad
976 1344 1122 1403 ciuitatem
1155 1343 1376 1405 Roslrildensem
1410 1338 1562 1417 requirens

373 1464 438 1503 enm
460 1455 491 1501 vt
514 1446 624 1502 veniret
646 1444 795 1501 auditurus
817 1444 948 1502 raciones
981 1445 1169 1504 collectorum
1202 1445 1312 1503 decime
1344 1461 1402 1501 vna
1435 1458 1559 1500 mecum.

372 1547 422 1623 qni
442 1546 590 1622 respondit
612 1565 669 1603 non
692 1565 775 1622 posse
798 1547 895 1603 uenire
918 1547 968 1604 illa
989 1549 1053 1605 vice
1075 1568 1128 1606 nec
1150 1566 1235 1623 posse
1247 1556 1324 1605 stare
1335 1547 1364 1603 in
1376 1541 1563 1603 ciuitateilla

373 1658 491 1724 propter
512 1647 653 1705 deiectum
676 1666 877 1724 expensarum.
900 1658 928 1706 et
950 1648 1014 1706 dedi
1038 1650 1144 1707 nuncio
1171 1676 1206 1687 -
1230 1648 1276 1723 .vj.
1291 1666 1383 1724 gross.
1405 1646 1520 1704 Turnn.

452 1750 531 1810 Item
553 1750 655 1825 scripsi
677 1749 801 1808 Prelatis
822 1751 850 1808 in
872 1750 961 1809 Iucia
988 1761 1016 1809 et
1046 1750 1248 1809 collectoribus
1269 1749 1345 1807 dicte
1367 1746 1480 1806 decime
1502 1745 1559 1823 sig·

374 1852 494 1909 nificens
516 1851 556 1909 eis
578 1870 623 1909 me
644 1853 758 1910 uenisse
780 1870 831 1927 pro
854 1852 933 1911 dicta
953 1853 1065 1912 decima
1087 1852 1251 1927 colligenda
1272 1860 1301 1909 et
1322 1850 1401 1927 qnod
1423 1856 1560 1927 pararent

374 1952 505 2012 raciones
527 1962 556 2010 et
576 1953 599 2011 si
622 1952 691 2029 quid
712 1953 858 2012 habebant
877 1954 999 2013 fideliter
1019 1955 1196 2013 custodirent
1217 1961 1246 2012 et
1257 1952 1322 2010 dedi
1335 1951 1450 2011 duobus
1469 1950 1561 2009 iratri-

375 2056 429 2113 bus
451 2055 678 2131 predicatoribus
696 2055 745 2131 qui
768 2055 860 2114 dictas
881 2056 992 2115 litteras
1003 2066 1201 2133 portauerant,
1213 2075 1265 2132 pro
1278 2054 1407 2114 subsidio
1419 2070 1561 2128 expensa·

373 2176 438 2214 rum
460 2176 577 2215 suarum
597 2168 625 2215 et
646 2178 700 2235 pro
721 2158 817 2216 naulo.
839 2178 907 2217 nam
929 2160 986 2217 duo
1009 2160 1144 2235 passagia
1165 2158 1252 2216 maris
1272 2158 1419 2215 habebant
1439 2155 1562 2215 transire

375 2287 415 2297 -—
438 2258 494 2333 ,xij.
515 2278 606 2336 gross.
628 2257 836 2318 Turonenses¹.

288 2370 375 2415 rurus.
460 2361 543 2418 Item.
565 2362 627 2419 misi
649 2361 786 2419 nuncium
809 2363 866 2421 dr‘ro
895 2361 1029 2423 Gerardo
1063 2362 1158 2420 comiti
1192 2381 1244 2437 pro
1277 2380 1379 2420 securo
1413 2360 1562 2418 conductu

377 2460 510 2520 seniendi
532 2464 568 2521 ad
591 2482 657 2521 eum
678 2472 707 2521 et
728 2464 765 2520 ad
787 2472 893 2521 terram
915 2464 1002 2522 ducis
1024 2482 1111 2539 quem
1135 2464 1195 2539 ipse
1224 2464 1350 2535 tenebat,
1372 2460 1565 2538 quiquidem

376 2561 482 2622 Comes
503 2575 569 2639 post
589 2565 662 2623 duos
685 2584 795 2623 menses
817 2565 936 2623 rescribi
957 2565 1025 2623 fecit
1046 2566 1115 2623 mihi
1136 2585 1188 2641 per
1201 2564 1384 2642 Propositum
1399 2562 1566 2623 slesvicen-

375 2684 437 2723 sem
459 2666 537 2741 quod
559 2677 677 2742 propter
698 2675 804 2724 statum
827 2666 920 2744 patrie
941 2667 1111 2727 bellicosum
1133 2687 1189 2725 non
1207 2673 1322 2742 poterat
1340 2684 1386 2722 me
1398 2664 1567 2724 conducere

376 2785 430 2826 nec
452 2785 618 2827 assecurare
638 2778 666 2827 et
688 2766 762 2827 solui
782 2788 835 2845 pro
857 2769 991 2845 expensis
1012 2768 1111 2828 famuli
1133 2779 1162 2828 et
1183 2788 1235 2846 pro
1257 2764 1399 2844 passagijs
1421 2766 1510 2826 maris
1529 2795 1564 2806 -

377 2867 436 2944 .xij.
459 2869 512 2927 sol.
534 2871 745 2947 sterlingorum.

460 2970 534 3028 Item
556 2972 611 3028 emi
634 2971 679 3046 .vj.
702 2971 791 3047 pelles
812 2972 979 3049 pergameni
1002 2992 1054 3049 pro
1076 2974 1241 3033 racionibus
1268 2969 1509 3031 transscribendIs
1540 2981 1573 3030 et

376 3071 509 3130 solui-
533 3070 578 3146 .vj.
599 3092 689 3148 gross.
712 3074 908 3132 Turonenses.

460 3174 534 3231 Item
557 3173 634 3250 .xxij.
657 3175 703 3232 die
723 3173 794 3249 Julij
813 3175 921 3233 auditis
936 3175 1102 3236 racionibus
1119 3176 1316 3237 collectorum
1327 3172 1570 3234 Roskildensium

377 3284 450 3350 quas
472 3275 507 3332 de
529 3275 584 3333 illis
605 3277 712 3335 habere
735 3276 815 3352 potui
837 3277 886 3334 illa
908 3277 981 3350 uice,
1004 3297 1070 3336 cum
1092 3278 1267 3336 audiuissem
1289 3277 1358 3333 dnm
1380 3275 1567 3352 Episcopum

377 3376 580 3436 Reualiensem
602 3378 714 3436 uenisse
737 3377 856 3450 Laudis,
876 3379 980 3437 iterum
1010 3379 1051 3438 iui
1081 3380 1190 3437 Lundis
1219 3386 1248 3435 et
1279 3377 1354 3436 s'olui
1387 3395 1441 3452 pro
1475 3377 1569 3435 naulo

378 3495 430 3536 seu
452 3498 504 3553 pro
527 3479 613 3536 maris
635 3478 756 3536 transitu
784 3514 815 3521 -
841 3479 875 3554 ,ij
899 3480 952 3538 sol.
975 3481 1168 3556 *grossorum

462 3578 537 3637 Item
559 3580 625 3637 dedi
646 3579 759 3638 famulis
781 3581 830 3656 qui
847 3600 892 3639 me
914 3582 1116 3640 conduxerunt
1140 3616 1176 3624 -
1200 3579 1570 3657 .xij.gross.Tur0nenses.

462 3679 545 3737 Item.
567 3681 613 3738 die
635 3681 828 3755 .x¹E¹¹Augusti
849 3682 924 3741 solui
945 3703 998 3760 pro
1020 3683 1057 3758 .ij.
1081 3683 1144 3740 libr.
1165 3681 1246 3742 *sere
1268 3682 1306 3740 ad
1323 3681 1510 3757 sigillandum
1522 3681 1571 3740 lit·

378 3792 455 3840 teras
483 3811 513 3818 -
540 3780 585 3856 .vj.
607 3800 699 3857 gross.
721 3781 915 3844 Turonenses.

462 3877 552 3940 ²Item
574 3883 619 3940 die
642 3882 720 3959 .xvj².⁸
733 3884 860 3959 Augusti
883 3885 947 3943 misi
967 3886 1115 3945 Nunnium
1138 3886 1175 3943 ad
1197 3887 1307 3944 curiam
1323 3887 1486 3944 Romanam
1500 3904 1570 3944 cum

378 3983 465 4060 plena
486 3985 630 4043 relacione
653 3985 838 4061 negociorum
859 3995 888 4044 et
909 3988 983 4046 solui
1004 3989 1058 4047 sibi
1078 3998 1137 4046 tam
1170 4007 1223 4064 pro
1252 3989 1358 4047 salario
1392 4005 1481 4064 quam
1515 4006 1571 4064 pro

380 4086 513 4161 expensis
536 4115 576 4124 -“
599 4087 656 4161 xij.
678 4088 728 4146 sol.
752 4107 919 4164 grossorum
941 4082 1167 4149 'rotonensium

463 4187 537 4244 Item
570 4189 669 4264 nrxvij.
702 4190 747 4247 die
780 4191 957 4266 Septembris
990 4190 1088 4250 audito
1123 4202 1213 4249 morte
1246 4189 1384 4250 Scelmeri
1425 4190 1570 4265 prepositi

380 4287 577 4348 Roskildensis
599 4311 684 4367 quem
711 4294 1031 4350 excommunicaueram
1063 4311 1116 4369 pro
1150 4293 1194 4350 .cl.
1227 4312 1314 4351 marc.
1349 4292 1461 4367 argenti
1494 4311 1571 4368 quas

381 4401 530 4466 receperat
552 4392 587 4449 de
609 4395 732 4469 pecunia
760 4396 869 4452 decime
896 4395 935 4452 iui
963 4396 1066 4452 iterum
1098 4393 1243 4453 Roskildis
1277 4394 1315 4451 ad
1347 4393 1564 4470 impediendum

380 4494 559 4568 sepulturam
580 4495 669 4572 ipsius
691 4498 784 4553 donec
806 4499 841 4554 de
863 4497 994 4572 predicta
1022 4514 1134 4554 summa
1164 4497 1301 4553 haberem
1334 4494 1515 4566 censionem,
1540 4504 1569 4553 et

417 4724 425 4754 ¹
445 4729 477 4777 H.
488 4737 505 4778 t.
528 4723 593 4792 [ep]
612 4730 716 4780 Summa
734 4731 808 4779 huius
826 4734 919 4796 pagine
938 4754 969 4762 -
988 4729 1030 4791 .vj.
1048 4730 1095 4780 sol.
1114 4736 1140 4778 et
1148 4727 1191 4790 iij.
1201 4730 1258 4778 den.
1270 4743 1352 4790 grass.
1363 4727 1560 4779 Turonensium.

415 4809 427 4837 ²
446 4815 497 4865 Hor
515 4831 541 4864 rr
559 4815 566 4861 i
584 4815 690 4876 Margen
709 4815 767 4863 med
785 4829 816 4864 cn
835 4817 918 4865 auden
935 4815 1026 4864 Hnand
1045 4813 1151 4876 tilfajct:
1171 4808 1305 4875 ᾖιιτῑιειιάιε.ιι
