3584 5625
938 490 997 553 168

375 692 450 741 quam
468 678 576 728 aliorum
594 678 731 728 dirutiones
749 685 775 725 et
792 677 856 726 alios
874 678 990 728 incursus
1007 675 1113 727 hostiles
1131 678 1284 739 multiplices
1301 679 1427 727 hactenrm
1448 677 1560 727 maxime

374 770 434 825 post
450 761 518 810 clare
534 765 654 813 memorie
672 762 800 827 Hayqnini
818 762 885 825 regis
902 762 1027 827 Norweye
1044 764 1086 812 aui
1104 764 1150 811 sui'
1161 764 1259 812 obitum
1276 763 1413 812 crudeliter
1430 770 1457 812 et
1472 764 1560 811 imma·

375 846 441 896 niter
457 846 604 897 afflixerunt
620 856 646 897 et
662 847 798 897 molestare
815 847 941 897 continuis
959 848 1139 898 uexationibus
1157 864 1208 899 non
1226 848 1360 907 desistunt,
1388 848 1458 912 qnod
1483 848 1562 923 iidem

376 930 529 981 christicole
546 934 582 981 sic
600 940 633 981 cx
650 932 778 996 premissis
796 930 1076 996 afflicti'mnltipliciter
1093 942 1119 982 et
1136 934 1289 996 consumpti,
1307 934 1430 989 aduersus
1451 933 1561 982 hostimn

359 1016 457 1089 *crucis
474 1017 646 1080 predictorum
663 1017 784 1067 aeuiciam
802 1025 828 1068 e‘t
845 1017 988 1083 superbiam
1008 1018 1146 1068 seuientem
1164 1026 1232 1068 stare
1250 1032 1303 1067 non
1326 1024 1449 1081 poterunt
1466 1017 1562 1067 diutim

368 1088 423 1152 bist
441 1102 573 1166 oportunis
590 1101 710 1166 subsidijs
728 1101 872 1164 fulciantur,
898 1103 1016 1166 quodque
1045 1102 1113 1165 regis
1142 1104 1255 1153 eiusdem
1284 1102 1317 1151 ad
1342 1102 1394 1151 boc
1416 1115 1519 1152 necnon
1536 1110 1562 1151 et

375 1185 610 1236 infideles-eosdem
627 1187 661 1236 ad
683 1186 762 1236 diuini
787 1187 896 1237 nominis
921 1188 1025 1237 laudem
1050 1194 1077 1237 et
1102 1188 1211 1252 gloriam
1236 1203 1267 1237 ac
1291 1187 1352 1237 fidei
1376 1185 1562 1237 exaltationem

375 1270 501 1321 catholiea
516 1270 742 1341 liberationemque
755 1270 897 1323 Christiani
913 1271 1003 1337 populi
1019 1273 1206 1337 impugnandos
1223 1287 1274 1323 uon
1291 1271 1422 1322 sufficiunt
1438 1278 1470 1321 nt
1484 1271 1563 1321 babet

375 1354 466 1421 prefati
482 1356 554 1419 regis
567 1357 697 1421 petitionis
714 1357 792 1407 sedes
809 1357 882 1408 nobis
899 1369 947 1423 per
962 1357 1153 1410 dilectosfilios
1171 1357 1269 1407 nobiles
1295 1357 1372 1416 viros,
1389 1356 1561 1407 Bertraudam

375 1441 408 1491 de
424 1439 534 1491 Sneiblis
551 1450 578 1491 et
593 1441 773 1505 Raymundnm
790 1443 822 1491 de
839 1430 951 1491 Lemana
967 1442 1074 1491 nendos
1096 1448 1123 1491 et
1144 1443 1334 1492 ambariamma
1359 1454 1420 1490 anos
1447 1440 1562 1491 exblblte

375 1524 519 1576 lbenltates.
553 1524 609 1576 llos
625 1533 710 1577 autem
728 1524 823 1576 eisdem
839 1527 894 1590 regi
911 1534 938 1576 et
954 1528 1006 1576 suis
1029 1526 1136 1576 subditis
1157 1525 1325 1577 ‘Uhristic'oils
1350 1539 1428 1591 super
1453 1538 1561 1590 oppres·

375 1610 490 1660 sionibus
506 1610 694 1661 calamitatibus
712 1618 739 1663 et
755 1612 863 1675 miser-ijs
880 1612 1027 1661 buiusmodi
1043 1619 1150 1677 paterno
1168 1613 1352 1677 compatientes
1369 1608 1463 1660 affectu
1476 1611 1562 1674 eisque

375 1695 491 1744 uolentes
509 1696 540 1745 do
558 1696 603 1745 illo
621 1696 691 1759 quod
708 1698 843 1747 commodo
862 1697 1048 1762 presentialiter
1064 1711 1199 1762 pessuma
1216 1696 1332 1747 subsidio
1347 1695 1495 1760 prouidere,
1512 1695 1562 1744 dis·

374 1780 480 1830 crationi
499 1788 584 1831 uestro
600 1795 647 1846 per
662 1782 805 1847 apostolica
822 1783 918 1848 scripta
942 1781 1124 1832 committimus
1151 1790 1178 1831 et
1205 1782 1366 1841 mandamus,
1396 1782 1519 1843 quatinus
1541 1780 1561 1829 si

375 1866 407 1914 de
424 1865 543 1930 predictis
560 1867 755 1916 necessitatibus
772 1867 845 1916 nobis
862 1867 958 1930 ignotis
975 1868 1066 1917 merito
1085 1868 1158 1916 uobis
1177 1867 1237 1916 dnm
1254 1866 1348 1917 inillis
1374 1863 1563 1930 partibusfue-

375 1950 430 2000 ritis
454 1952 596 2001 constiterit
619 1953 756 2012 euidenter,
779 1950 879 2016 prefato
895 1952 951 2015 regi
967 1952 1129 2001 medietatem
1147 1951 1254 2016 pecunie
1271 1951 1338 1999 dicte
1356 1950 1453 2000 decime
1470 1964 1563 2000 sexeu-

376 2036 441 2086 nalis
458 2036 566 2086 collecte
583 2036 609 2085 in
626 2038 721 2086 eisdem
738 2038 822 2100 regnis
841 2051 870 2085 ac
888 2036 965 2085 etiam
983 2037 1126 2100 colligenda
1142 2036 1169 2086 in
1185 2036 1326 2085 subsidium
1343 2043 1370 2084 et
1395 2035 1562 2085 necessitates

374 2121 488 2187 predicta
506 2121 645 2170 secundnm
655 2122 841 2172 ordinationem
849 2121 1096 2186 uenerabilisfratris
1107 2123 1188 2172 nostri
1196 2120 1380 2184 archiepiscopi
1388 2118 1563 2169 Nidrosiensis

375 2214 401 2256 et
418 2208 526 2256 duorum
543 2220 577 2255 ex
595 2207 647 2254 suis
666 2205 833 2271 suffragancis
850 2221 896 2273 per
913 2207 1022 2256 cundem
1039 2206 1260 2271 archiepiscopum
1278 2205 1308 2254 'et
1333 2220 1380 2255 uos
1409 2218 1487 2267 snper
1513 2204 1562 2252 hoc

375 2290 541 2352 assumendis,
566 2305 673 2355 quorum
701 2306 836 2341 oneramus
862 2291 888 2339 in
916 2291 966 2352 hac¹
988 2299 1061 2356 parte
1086 2292 1254 2342 conscientias
1283 2288 1447 2353 dispensandi
1471 2295 1562 2338 nostro

374 2378 475 2427 nornine
493 2376 640 2425 concedatis
658 2383 684 2425 ct
709 2377 785 2426 otiam
814 2376 960 2438 assignetis,
986 2377 1044 2426 inde
1073 2377 1163 2427 confici
1193 2375 1315 2425 facientes
1340 2375 1392 2424 duo
1417 2359 1563 2424 consimilia

374 2463 477 2528 publica
500 2462 667 2515 instmmenta
692 2476 798 2524 quorum
824 2461 905 2511 altero
931 2476 1009 2527 penes
1035 2461 1143 2512 eundem
1169 2459 1389 2524 archiepiscopum
1405 2454 1563 2508 'remanente

374 2548 480 2611 reliqum
498 2548 532 2596 ad
548 2555 661 2596 nostram
679 2559 806 2596 cameram
824 2546 1004 2596 transmittatis
1021 2547 1064 2596 uel
1081 2548 1157 2596 etiam
1171 2545 1297 2596 deferatis.
1333 2545 1472 2595 Residuam
1499 2557 1561 2593 nero

374 2633 537 2682 medietatem
554 2631 661 2697 pecunie
679 2631 746 2680 dicte
763 2632 859 2681 decime
877 2644 953 2693 quam
981 2647 1028 2695 pro
1053 2632 1167 2681 subsidio
1193 2638 1259 2681 terre
1285 2636 1372 2680 sancte
1397 2628 1513 2694 predicte
1537 2638 1563 2679 et

375 2717 439 2769 alias
457 2725 547 2768 contra
564 2716 670 2766 rebelles
688 2723 714 2766 et
730 2715 846 2766 inimicos
864 2716 924 2765 fidei
941 2716 1085 2767 orthodoxe
1106 2717 1133 2766 in
1159 2715 1217 2778 alijs
1243 2715 1357 2779 partibus
1382 2722 1460 2780 prout
1487 2713 1562 2764 nobis

376 2811 402 2854 et
427 2803 568 2868 apostolice
593 2801 648 2852 sedi
675 2801 794 2867 expedire
819 2800 948 2851 uidebitur
972 2801 1168 2866 dispensandam
1193 2800 1337 2866 expressius
1362 2797 1511 2862 relinemua,
1530 2799 1563 2849 ad

375 2889 481 2940 eandem
499 2902 626 2939 cameram
643 2887 743 2937 mittere
760 2900 805 2936 seu
822 2884 920 2936 deferre
937 2889 1003 2938 sicut
1019 2889 1110 2938 melius
1127 2885 1154 2938 e't
1171 2888 1284 2938 securius
1301 2887 1417 2952 poteritis
1427 2885 1562 2935 studeatis.

375 2973 403 3026 Sl
421 2955 486 3033 nero*
501 2972 614 3039 prefatus
632 2987 678 3023 rex
695 2972 738 3022 uel
754 2972 808 3022 eius
825 2980 915 3034 gentes
932 2974 978 3022 au't
994 2973 1088 3023 subditi
1105 2973 1179 3023 nobis
1205 2987 1282 3038 super
1303 2972 1450 3022 huiusmodi
1466 2972 1563 3022 medie·

290 3050 294 3056 ’
376 3069 428 3110 tate
445 3057 543 3124 prefate
556 3059 657 3109 >decime
674 3072 719 3122 per
736 3071 783 3106 uos
801 3063 830 3105 ut
846 3059 1002 3122 premittitur
1017 3065 1117 3108 retenta
1134 3064 1277 3123 prestarent
1293 3057 1504 3123 impedimentum
1518 3071 1563 3107 seu

375 3131 537 3197 obstaculum
553 3143 743 3207 interponerent
760 3144 941 3207 quoquomodo
959 3144 1028 3207 qnod
1054 3142 1198 3206 absitque
1225 3144 1308 3193 minus
1333 3143 1467 3207 pecuniam
1495 3142 1563 3192 dicte

374 3224 518 3281 medietatis
537 3231 568 3279 de
586 3228 660 3277 dictis
678 3228 762 3290 regnis
780 3228 916 3277 extrahere
932 3227 1011 3277 libere
1036 3242 1066 3277 ac
1092 3228 1136 3276 ad·
1151 3227 1277 3293 prefatam
1307 3241 1435 3278 cameram
1463 3225 1563 3279 deferre

375 3319 418 3367 nol
435 3317 534 3367 mittere
552 3314 709 3378 integraliter
726 3312 834 3380 ualeatis
857 3327 904 3363 nos
927 3326 1111 3377 quamcumque
1136 3313 1335 3374 concessionem,
1354 3311 1522 3364 donationem
1539 3319 1566 3362 et

375 3402 575 3464 assignationem
592 3392 667 3463 quam
685 3400 716 3449 de
734 3394 870 3448 medietate
888 3397 940 3448 alia
957 3397 1063 3462 pecunie
1082 3398 1148 3447 dicte
1166 3398 1263 3448 decime
1281 3398 1335 3461 regi
1358 3395 1484 3448 fecissetis
1507 3410 1564 3461 pre·

376 3487 444 3536 dicto
462 3501 578 3551 eunoun
596 3491 674 3550 prout
690 3499 723 3533 ex
749 3493 810 3533 tunc
836 3484 954 3534 uolumus
984 3491 1010 3533 et
1038 3483 1196 3533 deceruimus
1222 3499 1278 3534 esse
1305 3484 1398 3546 nullas,
1416 3483 1565 3545 dictumque

375 3587 462 3636 regem
479 3573 512 3621 ad
529 3572 715 3621 restitutionem
732 3569 800 3619 illius
819 3570 887 3633 quod
905 3570 963 3619 inde
981 3570 1120 3633 recepisset
1136 3557 1217 3619 teneri
1234 3576 1260 3619 et
1281 3582 1412 3619 remanere
1438 3566 1513 3640 nobis
1530 3574 1566 3616 ·et

374 3655 472 3723 prefate
488 3657 604 3706 Romane
622 3656 726 3705 ecclesie
745 3655 894 3719 obligatum.
928 3654 1027 3705 Datum
1045 3655 1173 3705 Aninione
1190 3653 1247 3703 idus
1261 3654 1375 3718 Augusti
1392 3661 1463 3718 pont¹
1480 3651 1566 3702 nostri

375 3757 442 3793 anuo
460 3737 500 3792 κθ.
1497 3744 1499 3746 ’

442 3825 541 3877 Eisden
557 3826 656 3891 nunnjs.
691 3823 731 3876 De
750 3832 835 3876 uestro
853 3826 1086 3889 circumspectionis
1105 3820 1160 3884 [erc.
1177 3832 1203 3874 at
1220 3824 1245 3873 ia
1264 3821 1482 3889 prominuasqae]
1503 3839 1565 3876 con·

375 3913 469 3964 stiterit
483 3912 617 3962 'euidenter
634 3909 735 3974 prefato
752 3911 806 3973 regi
824 3911 931 3960 terciam
948 3917 1046 3974 partem
1063 3911 1170 3974 pecunie
1196 3910 1263 3960 dicte
1289 3913 1386 3961 decime
1416 3911 1566 3961 sexennalis

375 3998 484 4049 collecte
500 3998 528 4047 in
546 3997 640 4047 eisdem
658 3996 742 4059 regnis
760 4010 790 4045 ac
808 3996 888 4045 eciam
912 3996 1056 4059 colligenda
1083 3990 1135 4054 [etc.
1160 4010 1234 4058 usque
1260 3991 1401 4056 deferatisl.
1435 3994 1566 4060 Residuas

375 4099 437 4134 uero
456 4085 519 4132 duas
537 4092 622 4144 partes
639 4081 746 4146 pecunie
763 4082 874 4145 predicte
894 4080 989 4130 decimo
1007 4095 1070 4144 quas
1087 4094 1133 4144 pro
1152 4079 1265 4130 subsidio
1278 4082 1566 4144 terresanctaprediete

376 4163 432 4228 [etc.
449 4163 535 4232 usque]
554 4182 631 4232 super
646 4165 792 4215 huiusmodi
810 4167 909 4216 duabus
927 4166 1041 4231 partibus
1058 4163 1157 4229 prefate
1175 4165 1271 4215 decime
1289 4181 1334 4230 per
1350 4180 1398 4217 uos
1416 4172 1446 4215 ut
1457 4165 1566 4230 premit·

374 4253 436 4303 titur
453 4253 557 4303 retentis
574 4257 718 4317 prestarent
728 4253 937 4325 impedimentum
949 4266 993 4300 sen
1006 4251 1169 4301 obstaculum
1180 4249 1370 4316 interponerent
1379 4251 1565 4314 quoquomodo

375 4338 443 4412 qnod
460 4335 534 4399 absit,
553 4353 602 4401 quo
620 4336 704 4386 minus
721 4335 854 4401 pecuniam
872 4321 982 4386 duarum
997 4338 1108 4400 partium
1125 4335 1294 4401 predictarum
1317 4337 1348 4385 de
1374 4336 1448 4385 dictis
1475 4337 1565 4400 regnis

375 4423 510 4472 extrahere
527 4421 605 4472 libero
623 4437 654 4471 ac
672 4422 705 4470 ad
722 4419 849 4486 prefatam
865 4435 992 4472 cameram
1004 4422 1103 4472 mittere
1117 4420 1160 4469 uel
1173 4419 1270 4471 deferre
1281 4421 1441 4484 integraliter
1452 4420 1566 4472 ualeatis

375 4521 422 4558 uos
441 4521 624 4572 quamcumque
642 4507 841 4569 concessionem,
859 4508 1023 4558 donationem
1049 4515 1075 4557 ct
1103 4508 1301 4570 assignationem
1330 4521 1406 4570 quam
1435 4506 1466 4555 de
1493 4507 1566 4556 dicta

373 4592 454 4642 tercia
470 4598 542 4657 parts
559 4595 665 4657 pecunie
688 4593 753 4643 dicte
779 4594 876 4643 decime
901 4593 956 4656 regi
982 4591 1105 4643 fecissetis
1122 4592 1237 4656 predicto
1256 4586 1307 4653 [etc.
1325 4606 1400 4656 usque
1417 4587 1564 4655 adfinem}

373 4676 471 4729 Datum
490 4675 527 4742 [at
544 4675 640 4744 ereprad.

552 4761 619 4812 (arob.
634 4765 676 4803 Vat.
690 4764 735 4812 lieq.
749 4764 801 4804 Secr.
815 4765 856 4804 lob¹
870 4765 928 4802 llllll.
942 4763 963 4804 t.
976 4764 999 4804 V.
1014 4774 1044 4804 sn.
1060 4762 1083 4802 Χ.
1099 4763 1132 4803 fol.
1146 4761 1190 4801 ete.
1204 4771 1234 4810 ep.
1247 4759 1303 4800 2192.
1317 4755 1383 4806 2198).
