3584 5625
821 411 846 499 ’1

408 626 528 689 Summe
550 623 736 686 Summarum
756 628 939 687 marcharum
961 628 1075 706 argenti
1095 649 1153 706 quc
1173 649 1226 706 pro
1248 631 1332 692 dictis
1353 652 1427 692 mer-

325 728 386 788 chia
407 728 589 788 denariorum
612 736 642 787 21
663 728 775 804 argenti
797 737 857 788 tam
879 728 984 790 Suecia
1005 751 1093 808 quam
1115 731 1208 789 Dacia
1237 732 1335 791 habite
1362 744 1430 791 sunt

327 858 363 868 -
387 830 435 901 vil¹
470 838 502 888 vt
523 829 614 906 xxxij.
642 831 758 888 marche
789 829 835 905 .vj.
864 832 948 890 vncie
979 842 1008 890 et
1038 833 1063 908 .j.
1096 843 1217 909 quartus
1246 834 1358 910 argenti
1391 834 1429 892 ad

324 933 438 1009 pondua
459 931 605 990 Trecenee
626 930 655 988 iu
677 931 822 992 uniuerso.
867 933 916 991 De
938 934 1044 1010 quibus
1061 935 1307 1011 superintendens
1328 935 1428 993 uendi·

325 1034 367 1092 dit
397 1033 527 1093 Parisius
549 1065 588 1075 -··
609 1031 652 1108 iije
684 1031 743 1108 lxij.
766 1027 907 1109 [marchas
929 1037 1041 1112 argenti
1063 1055 1116 1112 pro
1146 1035 1226 1112 .viiij⁰‚
1254 1037 1315 1094 lxv.
1348 1036 1429 1094 libris

326 1133 549 1205 Turoneueium,
570 1142 738 1211 computata
760 1135 889 1212 qualibet
910 1139 1028 1196 marcha
1050 1157 1103 1214 pro
1126 1138 1181 1214 .liij.
1204 1138 1303 1198 solidis
1325 1148 1353 1196 et
1370 1137 1427 1212 iiij.

324 1235 449 1311 denarija
476 1234 698 1295 Turonensium.

408 1338 481 1397 Item
507 1363 541 1373 -
565 1335 646 1413 xiiijr
683 1357 706 1396 c.
724 1337 865 1413 lxxxxvij.
887 1338 960 1397 libre
982 1348 1010 1397 et
1032 1338 1088 1414 .xij.
1111 1340 1194 1398 solidi
1206 1339 1429 1399 Turonensium.

410 1438 485 1498 Item
504 1439 602 1504 habite
624 1448 691 1498 suut
712 1439 750 1497 de
769 1467 811 1477 -
839 1459 864 1497 ο.
895 1439 997 1515 lxxvij.
1028 1440 1151 1500 marchis
1179 1442 1364 1499 denariorum
1393 1442 1430 1499 de

324 1542 391 1600 Rua
413 1548 443 1599 et
464 1542 500 1599 de
521 1540 617 1600 Dacia
639 1560 672 1600 .c.
695 1559 753 1598 .xx.
776 1540 848 1599 libre
870 1541 1095 1601 Iurenensium.

406 1642 481 1700 Item
507 1662 542 1680 -·-
567 1642 646 1701 lxxv.
668 1642 741 1701 libre
752 1642 965 1701 Turonenaium
989 1644 1024 1700 de
1046 1644 1139 1703 tribus
1161 1643 1284 1702 marchis
1307 1651 1336 1700 et
1351 1642 1428 1718 .xiiij.

324 1741 470 1819 sterlingia
491 1744 527 1800 de
549 1763 621 1803 auro
642 1744 745 1803 Dacie.

409 1845 481 1905 Item
504 1874 545 1885 ·-
566 1846 640 1922 viiije
660 1846 719 1904 lxv.
737 1844 810 1904 libre
827 1846 1042 1904 Turoneneiurn
1063 1847 1099 1904 de
1119 1845 1305 1921 predictis-
1319 1845 1430 1922 ccclxij.

329 1946 452 2006 marchis
473 1946 512 2006 ad
533 1948 647 2024 pondus
669 1948 816 2007 Trecense
836 1947 963 2005 uenditis
984 1955 1070 2023 prout
1092 1965 1181 2023 supra
1203 1948 1381 2024 exprImitur.

409 2048 532 2109 Summa
558 2050 742 2108 marcharum
764 2048 875 2125 argenti
898 2050 935 2106 ad
957 2050 1070 2125 pondus
1083 2049 1229 2107 Trecense
1251 2069 1308 2126 que
1330 2058 1431 2108 extant

331 2178 358 2187 -
387 2148 437 2225 vj?
473 2150 550 2209 clxx.
574 2152 691 2211 marche
714 2149 759 2225 .vj.
782 2150 866 2209 vncie
888 2159 918 2208 et
939 2149 965 2226 .j.
979 2159 1118 2232 ¹quartus.

410 2250 484 2310 Item
497 2251 617 2312 Summa
628 2252 755 2310 omniurn
764 2252 977 2312 TuronensIum
989 2251 1184 2329 predictorum
1196 2284 1223 2292 ·-
1240 2258 1299 2309 xvl¹
1321 2250 1431 2328 ccclvij.

324 2352 398 2412 libre
420 2360 449 2410 et
466 2352 523 2428 nij.
546 2354 629 2412 solidi
650 2354 871 2415 Turonensium.

325 2556 372 2615 De
394 2554 515 2615 Summa
536 2558 719 2616 marcharum
740 2557 925 2617 denariorum
946 2565 1129 2634 receptorum
1152 2576 1189 2615 ex
1210 2557 1323 2616 decima
1339 2557 1433 2617 Dacia

241 2666 391 2717 remanent
405 2655 513 2716 ibidem
523 2656 553 2716 in
566 2658 698 2736 deposito
709 2658 739 2718 in
755 2659 876 2719 diuersis
888 2658 961 2719 locis
972 2678 1060 2735 penes
1074 2659 1243 2717 collectores
1258 2668 1288 2717 21
1305 2659 1433 2735 capitula

243 2757 429 2820 ecclesiarum
442 2759 535 2836 Regni
547 2759 640 2819 Dacia
652 2787 693 2799 -
703 2758 743 2836 ijln
778 2760 819 2837 vj.
841 2759 911 2838 viiij.
925 2763 1040 2821 marche
1052 2760 1235 2819 denariorum
1248 2779 1430 2837 capreorum.

214 2930 218 2935 ¹
326 2860 401 2919 Item
433 2861 470 2920 de
497 2869 619 2938 argento
648 2873 798 2924 remanent
824 2863 931 2921 ibidem
956 2863 985 2920 in
1016 2863 1147 2939 deposito
1181 2891 1212 2900 -
1243 2881 1268 2920 ο.
1300 2861 1432 2938 lxxxxvj.

244 2962 360 3043 marche
381 2962 494 3040 argenti
514 2963 545 3021 in
573 2965 701 3040 pondere
727 2964 830 3038 Dacia
862 2971 950 3041 prout
975 2966 1029 3023 hec
1057 2974 1190 3024 constant
1220 2983 1272 3039 per
1300 2964 1432 3041 publicas

244 3065 354 3125 litterae
376 3064 561 3141 prelatorum.

328 3166 375 3224 De
393 3185 506 3226 sumina
533 3186 605 3226 uero
634 3170 817 3228 marcharum
844 3168 1026 3227 denariorum
1059 3178 1242 3247 receptorum
1263 3166 1292 3224 in
1315 3166 1422 3227 Suecia
1432 3190 1534 3232 21221.ι

244 3277 393 3327 remanent
413 3267 518 3326 ibidem
540 3269 624 3329 simili
646 3272 733 3329 modo
755 3298 796 3310 -
816 3269 857 3345 ijs
884 3270 984 3346 'ccxiii
1009 3272 1124 3329 marche
1147 3269 1339 3327 denariorum.

415 3369 537 3430 Summa
558 3371 755 3447 predictarum
776 3374 960 3432 marcharum
981 3392 1038 3448 que
1065 3379 1217 3429 remanent
1242 3369 1271 3427 in
1302 3369 1435 3445 deposito

330 3469 360 3529 in
382 3470 519 3546 predictis
540 3473 653 3554 duobus
673 3473 783 3548 Regnis
804 3502 834 3511 -
858 3465 923 3550 iiije'
945 3474 1007 3549 viije
1028 3474 1104 3565 κοπῇ,
1114 3473 1230 3531 marche
1242 3471 1434 3530 denariorum.

282 3617 290 3648 ¹
314 3622 430 3673 Bladeua
446 3622 455 3671 i
472 3620 565 3672 (lodex
583 3637 625 3672 ere
643 3624 724 3673 under
740 3624 789 3673 deu
806 3623 816 3672 i
833 3621 1122 3687 forrigcAerhundrede
1140 3621 1436 3684 ioretaguelndbinding

313 3709 361 3758 red
384 3707 519 3758 Foreeclee
546 3706 576 3758 21
594 3707 774 3773 Bogbinderen
796 3715 862 3759 satte
885 3708 893 3757 i
917 3724 949 3759 en
971 3709 1066 3773 urigtig
1089 3707 1182 3769 Orden,
1210 3705 1326 3756 saeledcs
1350 3712 1377 3754 at
1395 3705 1438 3754 det

313 3793 388 3855 Blad,
409 3794 453 3843 der
471 3794 562 3844 skulda
581 3794 651 3860 lelge
669 3794 840 3846 umiddelbart
858 3793 923 3844 efter
940 3793 984 3845 fol.
1006 3798 1035 3844 17
1054 3810 1088 3857 og
1106 3793 1221 3842 saalrdcs
1240 3805 1305 3838 vaere
1328 3788 1372 3839 121.
1399 3795 1438 3851 18,

314 3893 342 3929 er
359 3879 447 3929 iudeat
464 3894 499 3942 og
516 3894 605 3931 uenere
623 3880 726 3931 lolieret
743 3895 798 3931 eom
816 3879 860 3930 121.
880 3886 920 3941 26,
947 3881 1050 3929 medens
1074 3878 1190 3928 derimod
1214 3878 1258 3925 ‹lct
1280 3875 1355 3934 Blad,
1382 3890 1438 3924 som

312 3963 383 4027 igjen
401 3964 492 4015 skulda
510 3964 581 4030 felge
599 3966 715 4028 derefter,
734 3965 818 4016 alteas
834 3981 900 4016 vaere
918 3965 963 4017 121.
984 3970 1024 4024 19,
1047 3979 1081 4013 nu
1100 3963 1184 4026 felger
1200 3959 1372 4012 umiddelbart
1388 3975 1438 4024 pas

314 4047 358 4100 Iol.
389 4052 417 4099 17
443 4065 498 4101 som
516 4049 561 4101 fol.
588 4056 627 4111 18,
656 4067 690 4115 og
706 4052 822 4103 saaledea
840 4051 973 4102 fremdeles
992 4051 1023 4099 dc
1040 4048 1130 4109 Blade,
1154 4049 1199 4097 cler
1216 4045 1330 4110 egentlig
1346 4044 1437 4094 skulda

314 4149 378 4184 vare
396 4133 441 4184 121.
452 4140 492 4197 20,
503 4140 532 4184 21
545 4150 580 4198 og
589 4142 630 4199 22,
649 4153 752 4188 mennu
766 4153 808 4187 ere
825 4138 916 4187 blevue
934 4136 979 4186 sol.
1001 4120 1128 4197 1122023ῐ
1140 4139 1186 4192 21;
1203 4133 1251 4180 ved
1270 4144 1302 4180 eu
1319 4129 1438 4192 lignende

313 4220 468 4284 Feiltagelse
492 4235 519 4270 er
543 4219 680 4272 eideueftcr
704 4224 748 4273 det
769 4221 845 4285 Blad,
872 4224 918 4272 der
941 4221 1055 4286 egentlig
1073 4219 1163 4269 skuldc
1181 4232 1246 4267 vare
1266 4213 1310 4264 lol.
1331 4219 1371 4276 28,
1399 4221 1439 4263 sat

315 4320 371 4355 som
389 4304 433 4355 fol.
454 4308 496 4367 27,
514 4306 626 4357 hvorred
642 4308 673 4357 da
692 4308 782 4370 Blede,
805 4309 851 4358 der
867 4306 1003 4371 retteligeu
1021 4305 1112 4356 skulde
1129 4318 1195 4353 vaere
1212 4301 1257 4353 fol.
1276 4306 1317 4361 24,
1336 4305 1376 4361 25,
1397 4302 1438 4360 26,

315 4394 356 4453 27,
375 4405 418 4442 erc
435 4391 526 4442 blerne
543 4390 587 4442 fol.
607 4398 649 4455 22,
668 4399 708 4455 23,
728 4401 767 4452 24,
788 4399 827 4444 211.
846 4393 971 4456 Samtlige
989 4392 1071 4440 Blade
1089 4390 1154 4440 efter
1170 4390 1215 4440 121.
1236 4390 1265 4436 17
1284 4401 1344 4435 maa
1356 4384 1440 4435 alteas
1468 4436 1471 4443 ,

314 4478 387 4528 lesee
414 4477 423 4525 i
449 4475 569 4540 fulgenda
596 4477 696 4529 Orden:
728 4486 767 4541 22,
793 4466 832 4541 is,
859 4484 898 4539 19,
922 4484 962 4540 2ο,
981 4484 1022 4538 21,
1041 4481 1082 4536 21,
1100 4482 1143 4536 22,
1161 4481 1201 4534 22,
1221 4479 1262 4534 24,
1280 4477 1322 4533 tu,
1339 4477 1379 4533 22,
1397 4475 1437 4520 22.

314 4562 403 4614 1121122
431 4576 458 4612 er
475 4562 616 4614 aabenbert
633 4565 705 4615 skeet
723 4566 825 4628 demeti,
852 4571 879 4615 et
897 4565 929 4614 de
954 4563 1105 4612 nuveerende
1136 4558 1182 4611 121.
1209 4564 1240 4609 26
1268 4573 1302 4621 og
1328 4560 1368 4616 27,
1395 4556 1440 4605 der

315 4649 405 4713 heeuge
423 4662 538 4698 sammen
555 4664 590 4714 og
607 4650 691 4701 danne
710 4657 750 4701 aet
768 4649 831 4712 Ark,
850 4664 892 4700 ere
910 4648 981 4710 legte
999 4649 1008 4696 i
1024 4647 1125 4696 Midtcn
1143 4645 1172 4694 21
1186 4645 1314 4706 buggone
1337 4640 1439 4690 mellem

314 4733 357 4784 121.
377 4738 408 4783 211
429 4729 536 4795 (egenti.
547 4729 593 4793 27)
612 4751 647 4799 cg
665 4741 705 4796 28,
723 4735 858 4786 istcdetfcr
876 4741 903 4784 et
921 4732 1043 4783 omelutta
1055 4731 1170 4780 Bladane
1187 4728 1290 4780 mallem
1310 4729 1338 4775 17
1357 4741 1392 4788 og
1405 4729 1437 4774 22

316 4814 424 4884 (egenti.
444 4813 497 4879 24).
