3584 5625
828 436 896 548 ‘189

239 653 243 660 ⁸
268 672 402 725 noluerunt
418 673 553 725 absoluere
570 673 658 724 ualeas
675 678 703 724 et
719 687 777 724 cum
795 673 831 724 eis
850 687 926 738 super
950 671 1139 736 irregularitate
1166 670 1226 722 iude
1252 677 1387 723 eontracta
1408 670 1459 722 dis·

268 773 377 824 pensare
395 767 471 825 prout
488 758 586 809 uidebis
608 759 635 809 in
656 758 718 823 ipsis
737 760 827 810 litteris
845 759 945 822 plenius
963 758 1095 808 contineri.
1130 749 1230 808 Datum
1248 751 1403 818 [Aninioue]
1427 770 1458 805 π.

269 843 322 894 kal.
340 843 412 908 duuij
432 844 596 909 pontificatus
612 845 694 894 nostri
712 858 780 894 anuo
797 844 1015 906 decimoseptimo.

573 926 636 973 teret.
654 927 695 965 Vnt.
710 929 756 976 lisg.
769 929 821 968 Ssor.
835 929 878 967 lob.
893 927 950 966 xxti.
965 936 997 966 sn.
1013 925 1043 966 ll.
1057 936 1087 975 ep.
1100 920 1153 969 bibl.

667 1153 717 1211 82.
765 1153 854 1213 1383.
898 1151 976 1211 tede
997 1149 1068 1210 Mai.

337 1268 469 1319 Johannes
487 1268 621 1333 epiecopus
638 1284 658 1318 s.
678 1283 698 1318 s.
717 1268 741 1318 d.
760 1269 891 1319 carissimo
909 1269 936 1318 in
954 1266 1059 1319 Christo
1077 1267 1130 1318 fllio
1142 1265 1239 1331 Magno
1257 1267 1312 1328 regi
1323 1264 1460 1330 Norwegie

270 1353 363 1404 illustri
381 1355 491 1404 salutem
508 1361 534 1403 et
551 1353 661 1418 apostol.
680 1353 805 1403 benedict.
840 1353 914 1403 Licet
939 1369 1005 1419 pura
1033 1353 1126 1417 tegnlis
1152 1351 1297 1403 deuotionis
1327 1350 1459 1401 sinceritas

270 1454 321 1503 qua
337 1454 400 1504 erga
417 1454 465 1489 nos
483 1446 509 1488 et
526 1446 641 1490 sanctem
659 1439 802 1489 Romanam
821 1439 955 1489 ecclesiam
973 1438 1070 1487 clarere
1087 1438 1123 1487 fili
1142 1437 1272 1487 carissime
1281 1436 1394 1487 nosceris
1403 1442 1458 1486 tam

269 1526 416 1575 nuntiorum
433 1538 478 1589 per
494 1539 540 1575 nos
558 1525 654 1574 dodum
673 1525 705 1573 ad
722 1531 808 1589 partes
826 1538 962 1588 regnorum
980 1530 1083 1573 tuorum
1100 1538 1146 1587 pro
1164 1521 1239 1572 cartis
1253 1520 1460 1571 transmissorum

270 1608 385 1673 negociJ's
392 1623 469 1673 quam
479 1610 588 1660 aliorum
598 1610 784 1673 fidediguorum
794 1608 870 1659 fucrit
878 1610 953 1659 nobie
962 1616 988 1659 et
1000 1609 1054 1659 sedi
1067 1607 1210 1672 apostolice
1220 1606 1328 1670 placidis
1338 1606 1460 1656 relatibus

269 1693 410 1754 manifesta,
427 1701 502 1758 grata
519 1704 606 1744 tamen
622 1694 795 1745 insinuatione
813 1695 900 1744 dilecti
916 1693 961 1758 filij
985 1692 1100 1757 magistri
1117 1691 1187 1742 Petri
1200 1690 1318 1755 Geruasij
1344 1690 1461 1741 canonici

269 1778 426 1830 Vluarieusis
445 1780 524 1830 nostri
541 1791 568 1829 et
584 1780 697 1830 eiusdem
710 1780 777 1829 sedis
791 1779 819 1828 iu
830 1780 926 1829 eisdem
943 1780 1057 1844 partibus
1074 1777 1161 1841 nuncij
1180 1777 1288 1827 eandem
1297 1776 1461 1827 deustionem

270 1866 416 1930 regiamque
433 1864 598 1929 prudenciam
615 1865 753 1916 multarum
771 1865 876 1915 laudum
893 1863 1022 1930 preconijs
1041 1862 1190 1914 attollentes
1211 1869 1334 1927 percepto
1360 1861 1462 1912 nouiter

271 1951 338 2014 quod
355 1950 411 2015 ipsa
428 1950 533 2000 deuotio
551 1965 604 2000 uon
622 1957 661 2001 est
680 1950 804 2000 diminuta
822 1951 867 2000 sed
884 1958 962 2000 aucta
978 1950 1048 2014 quod
1065 1950 1091 1998 iu
1108 1948 1221 2012 benigue
1238 1947 1352 1997 eiusdem
1369 1961 1460 2011 recep·

271 2035 340 2085 tione
357 2034 443 2098 uuncij
462 2042 489 2085 et
506 2036 669 2100 expeditione
687 2034 823 2086 fauorabili
839 2034 985 2085 luculenter
1002 2033 1121 2100 apparuit
1148 2048 1194 2097 per
1221 2031 1342 2083 effectum
1368 2032 1461 2084 exinde

271 2120 340 2184 regie
357 2120 501 2170 celsitudini
519 2122 663 2185 graciarum
688 2119 821 2170 referimus
847 2120 938 2170 uberae
964 2120 1090 2180 actiones,
1116 2117 1229 2184 prompti
1254 2125 1377 2181 quantum
1403 2132 1462 2168 curn

271 2205 320 2256 deo
337 2205 475 2270 poterimus
494 2207 527 2256 ad
544 2220 576 2256 ea
593 2222 640 2271 quo
659 2213 731 2255 tuum
749 2211 775 2254 et
791 2220 930 2269 regnorum
947 2211 1049 2255 tuorum
1066 2204 1102 2254 lili
1126 2203 1299 2253 amantissime
1324 2202 1463 2268 respiciant

271 2291 433 2340 commodum
451 2297 478 2339 et
494 2290 628 2351 honorem,
646 2290 830 2341 excellenciam
847 2291 945 2354 regiam
963 2290 1090 2341 attenciue
1109 2290 1274 2353 deprecantes
1293 2289 1410 2352 quatinus
1436 2287 1462 2337 in

271 2375 417 2425 huiusmodi
434 2375 573 2425 deuotione
590 2391 639 2440 que
657 2385 681 2426 te
700 2376 749 2426 deo
767 2382 793 2425 et
810 2377 923 2441 predicte
942 2377 995 2425 sedi
1013 2375 1184 2441 acceptiorem
1193 2372 1287 2423 efficiet
1297 2387 1462 2437 perseueran-

272 2467 310 2510 tar
327 2468 353 2509 te
371 2469 460 2511 tenens
477 2469 647 2512 memoratum
663 2463 780 2511 nuntium
797 2468 824 2511 et
839 2461 949 2525 negocia
967 2461 1014 2511 sibi
1032 2461 1169 2512 commissa
1186 2459 1280 2509 habeat
1297 2458 1390 2523 regalis
1419 2458 1462 2507 be·

271 2546 417 2597 uiuolencia
433 2558 504 2597 more
521 2547 600 2598 solito
612 2545 788 2597 fauorabiliter
804 2548 1017 2598 commendatum.
1052 2545 1150 2596 Datum
1165 2553 1192 2595 st
1209 2560 1293 2609 aspra.

576 2628 642 2676 [trab.
656 2630 701 2672 list.
716 2630 761 2677 neg.
776 2630 829 2671 sear.
842 2631 885 2671 lob.
899 2631 956 2669 ΧΧΙΙ.
971 2640 1001 2668 an.
1016 2628 1047 2669 tt.
1061 2640 1091 2679 sp.
1105 2624 1158 2674 biii.

670 2856 720 2916 83.
766 2857 856 2917 1333.
900 2856 978 2915 tede
1000 2855 1070 2915 Mai.

340 2971 473 3024 Jobannes
491 2971 567 3036 episc.
586 2986 606 3022 s.
625 2987 644 3022 s.
664 2972 688 3022 d.
708 2973 800 3023 dilecto
818 2972 872 3023 illio
890 2971 1014 3035 magistro
1031 2971 1110 3022 Petro
1130 2967 1246 3032 Gemasij
1271 2970 1394 3020 canonico
1410 2967 1462 3020 vi-

273 3057 383 3107 nariensi
401 3057 544 3122 apostolice
562 3059 629 3110 sedis
647 3059 741 3107 nuncio
765 3057 874 3108 salutem
900 3064 926 3106 et
955 3064 1037 3122 apost.
1063 3056 1189 3107 benedict.
1232 3054 1336 3105 Dvdum
1360 3054 1463 3120 petendi

274 3140 392 3204 exigendi
410 3150 437 3193 et
453 3143 590 3206 recipieudi
608 3159 624 3193 a
641 3144 746 3206 prelatis
771 3157 801 3192 ac
826 3141 943 3207 personis
970 3149 996 3192 et
1024 3142 1089 3194 locis
1119 3140 1298 3192 ecclesiasticis
1325 3155 1462 3205 regnorum

273 3223 406 3291 llorwogie
424 3234 450 3277 et
468 3226 560 3278 Stratie
578 3227 703 3277 decimam
720 3227 886 3278 sexaunalom
905 3228 967 3277 olim
985 3243 1030 3292 per
1048 3225 1130 3277 felicis
1147 3224 1464 3276 recordatiouisOlemeu·

273 3318 323 3360 tem
341 3326 434 3377 papam
453 3326 484 3361 .r.
501 3313 709 3376 predecessorem
726 3320 843 3362 nostrum
860 3311 1006 3376 impositam
1023 3311 1050 3360 ln
1068 3311 1176 3361 consilio
1193 3310 1335 3360 Viennensi
1352 3310 1379 3359 in
1397 3319 1464 3360 terre

273 3404 361 3446 sancte
379 3397 520 3448 subsidium
537 3405 563 3446 et
580 3397 643 3447 alias
662 3403 752 3447 eontra
769 3396 876 3447 rebelles
894 3403 920 3446 et
937 3395 1054 3445 inimicos
1073 3395 1199 3446 catholice
1224 3396 1284 3446 fidei
1314 3402 1464 3446 conuerten-

273 3482 331 3530 dam
349 3495 395 3531 seu
411 3483 513 3531 residua
529 3480 609 3544 ipsius
628 3483 725 3533 decime
741 3481 767 3531 iu
786 3481 880 3531 eisdem
907 3481 992 3545 regnis
1018 3480 1104 3531 debita
1129 3481 1176 3530 tibi
1203 3482 1234 3533 da
1259 3481 1332 3531 culus
1358 3481 1464 3531 circum-

273 3565 403 3630 spectione
421 3582 451 3617 ac
470 3566 594 3616 fidelitate
612 3565 764 3616 confidimus
781 3580 826 3629 per
842 3573 945 3616 nostras
963 3565 1028 3616 alias
1046 3565 1108 3615 certi
1127 3567 1221 3617 tenoris
1239 3566 1337 3618 litteras
1360 3581 1465 3618 conoes-

273 3651 335 3699 sisse
354 3651 511 3703 meminimus
529 3658 692 3716 potestatam.
725 3650 795 3702 Sane
822 3650 882 3714 quia
908 3651 975 3701 sicut
1004 3652 1147 3715 accepimus
1176 3652 1293 3702 nonnulli
1321 3652 1414 3717 prelati
1439 3659 1466 3702 et

272 3748 381 3798 persone
399 3749 535 3798 regnorum
552 3737 724 3801 predictorum
741 3735 914 3786 ecclesiastice
931 3750 1031 3786 necnon
1050 3736 1164 3801 capitula
1180 3737 1292 3801 collegia
1310 3745 1336 3786 et
1353 3752 1465 3788 conuen-

273 3824 314 3868 tus
331 3833 378 3883 pro
397 3833 428 3869 eo
446 3823 513 3884 quod
531 3822 655 3873 decimam
672 3821 755 3886 ipsam
772 3820 814 3870 nal
832 3821 886 3871 eius
904 3823 1006 3871 residua
1023 3820 1127 3871 statutis
1144 3823 1178 3871 ad
1196 3823 1246 3872 boc
1270 3823 1383 3872 terminis
1412 3836 1464 3873 non

273 3903 407 3954 solueruut
423 3918 468 3968 per
485 3904 583 3958 litteras
601 3915 628 3958 et
644 3920 780 3970 processus
798 3906 954 3956 auctoritate
972 3905 1116 3971 apostolica
1132 3907 1234 3957 habitos
1257 3907 1465 3957 excommunica·

272 3989 348 4039 donis
366 3988 539 4054 suspensionis
557 3990 600 4041 uel
617 3991 744 4041 interdicti
762 3992 902 4041 sententias
919 3993 1125 4052 incurrerunt,et
1141 4005 1230 4042 eorum
1247 3991 1307 4042 loca
1324 3991 1466 4041 eteoclesie

273 4074 408 4125 occasione
436 4074 512 4124 simili
530 4075 703 4126 ecclesiastico
721 4075 854 4125 subiacent
871 4075 1015 4125 interdicto.
1050 4075 1105 4126 Nos
1128 4075 1245 4127 uolentes
1272 4078 1414 4126 animarum
1428 4078 1465 4126 du

273 4160 322 4208 bac
339 4166 413 4223 parte
430 4158 550 4223 periculis
568 4161 673 4210 obuiare
691 4160 837 4210 discretioni
856 4167 899 4210 tae
918 4167 947 4209 ut
964 4168 1101 4224 postquam
1129 4161 1220 4224 prelati
1247 4168 1273 4211 ct
1298 4177 1408 4226 persone
1434 4176 1466 4212 ac

273 4242 386 4308 capitula
404 4243 515 4307 collegia
532 4251 559 4294 et
576 4251 719 4296 conuentus
737 4246 852 4309 predicta
869 4246 915 4294 tibi
933 4245 1035 4296 nomine
1052 4253 1142 4296 nostro
1166 4255 1192 4296 et
1217 4247 1327 4297 ecclesie
1351 4248 1466 4297 Romane

272 4330 304 4378 de
322 4327 421 4377 decima
438 4328 481 4378 uel
506 4328 613 4380 residuis
639 4329 759 4394 predictis
780 4330 881 4394 planam
908 4338 935 4380 et
959 4331 1085 4394 integram
1112 4331 1314 4382 satisfactionem
1345 4333 1468 4382 duxerint

272 4413 467 4478 impendendam
486 4414 581 4465 eisdem
597 4416 752 4466 anctoritate
769 4422 858 4465 nostra
876 4415 908 4464 da
926 4415 1095 4467 absolutionis
1113 4425 1139 4466 et
1157 4417 1324 4467 relaxationis
1341 4416 1466 4468 beneflcio

273 4497 306 4547 ab
322 4497 419 4548 eisdem
436 4497 573 4561 sentenciis
590 4500 665 4550 iuxta
681 4498 790 4551 formam
809 4499 916 4550 ecclesie
933 4500 1021 4550 usleas
1039 4502 1184 4566 prouidere,
1201 4516 1260 4551 cum
1287 4501 1383 4553 eisdem
1409 4516 1466 4566 per·

273 4583 341 4632 sonis
359 4597 407 4647 que
425 4583 499 4633 dictis
516 4582 596 4646 ligate
613 4585 751 4650 sentenciis
769 4585 923 4636 celebrando
941 4586 1028 4635 diuina
1045 4585 1087 4635 uel
1112 4587 1254 4637 imiscando
1277 4601 1305 4636 se
1331 4586 1383 4636 illis
1412 4601 1466 4637 uon

274 4666 403 4717 tamenin
420 4675 595 4732 contemptum
612 4668 724 4720 clauium
742 4669 938 4732 irregularitatis
957 4677 1144 4721 contraxerunt
1160 4672 1288 4721 maculam
1306 4671 1466 4722 eademauc·

273 4749 378 4803 toritate
395 4752 595 4804 misericorditer
612 4753 783 4817 dispensando
801 4762 827 4805 at
844 4756 881 4806 eis
899 4755 1053 4819 iniungendo
1072 4756 1141 4819 quod
1158 4757 1190 4805 de
1207 4756 1261 4805 iure
1279 4756 1374 4806 uideris
1382 4756 1466 4806 iniun-

274 4837 386 4899 gendum
403 4837 506 4902 plenam
524 4838 686 4889 concedimus
704 4841 858 4890 auctoritate
875 4842 1031 4905 presentium
1049 4838 1207 4893 facultatem.
1243 4839 1372 4891 Volumus
1380 4848 1465 4890 autem
