3584 5625
788 758 995 832 Soharensis.
1481 779 1581 821 nnn

378 934 503 994 Decime
527 932 712 1008 episcopatus
734 931 911 992 Scherensis.
933 934 961 992 iu
979 954 1069 1012 regno
1082 932 1203 994 Swecie.
1226 934 1353 991 aseendit
1375 934 1410 991 de
1430 953 1482 992 sex

296 1136 408 1194 decima
429 1144 545 1212 repertu
564 1134 617 1193 fuit
638 1135 770 1206 collecta,
793 1144 822 1194 et
843 1135 971 1212 reposita
991 1136 1020 1195 in
1042 1135 1173 1195 sacristia
1197 1135 1317 1195 ecclesie
1340 1136 1482 1197 Schcren·

295 1238 342 1295 sis.
386 1238 425 1296 Et
443 1258 495 1314 per
505 1256 551 1295 me
563 1237 679 1295 fratrem
690 1238 848 1296 Iohannem
861 1239 897 1295 de
910 1237 1019 1297 Serene
1040 1247 1158 1314 recepte
1179 1237 1231 1296 luit
1253 1256 1271 1295 a
1292 1239 1350 1296 diro
1372 1232 1482 1310 P[etro]

296 1338 432 1415 episcopo
456 1338 609 1399 Schereusi
631 1338 661 1396 in
681 1340 799 1397 modum
821 1337 870 1415 qui
892 1339 1031 1415 sequitur.

381 1427 468 1499 Anno
491 1440 540 1497 dni
562 1440 713 1498 millesimo
735 1448 808 1498 .ccc‘t
829 1438 923 1513 xxvijt
946 1450 974 1497 et
997 1440 1086 1513 .xij.¹¹.¹'
1109 1441 1155 1498 die
1177 1440 1281 1500 mensis
1303 1428 1481 1499 Dedembris.

296 1541 361 1618 Ego
383 1542 470 1600 freter
490 1542 635 1601 Iohannes
658 1542 693 1599 de
717 1541 825 1601 Serene
846 1541 944 1617 recepi
966 1561 984 1598 e
1006 1542 1064 1598 diro
1085 1542 1222 1618 episcopo
1250 1541 1412 1601 Schurensi.
1446 1542 1482 1599 de

295 1643 419 1718 pecunia
445 1644 521 1703 dicte
545 1644 655 1702 decime
678 1643 729 1719 ‚iijt
750 1662 800 1701 xx.
819 1662 933 1700 merces
956 1651 984 1700 et
999 1662 1034 1701 .v.
1052 1643 1152 1702 vucies
1172 1643 1291 1720 ergentj.
1315 1644 1352 1700 nd
1370 1644 1483 1719 pondus

296 1744 332 1801 de
355 1744 479 1804 Schnris.
503 1765 559 1821 que
583 1754 748 1821 computate
776 1744 892 1802 luerunt
924 1745 953 1801 in
981 1743 1059 1803 dicte
1091 1744 1174 1803 totali
1206 1764 1318 1804 summa
1351 1765 1403 1821 pro
1437 1747 1483 1803 in.

296 1968 395 2007 mauce
416 1948 535 2025 argeutj.
558 1969 610 2025 pro
633 1967 668 2007 .v.
692 1948 816 2006 marchis
838 1966 930 2023 perne
952 1958 1074 2024 monete.

381 2051 454 2109 Item
478 2049 565 2125 lxvij.
589 2050 652 2109 libr.
685 2050 754 2124 xiiij.
787 2049 840 2108 sol.
872 2048 911 2123 iij.
945 2050 1009 2107 den.
1040 2049 1252 2136 sterlingorum.
1280 2068 1337 2125 que
1369 2048 1484 2107 fuerunt

298 2161 462 2228 computate
485 2171 538 2229 pro
560 2159 601 2209 .νῖ
622 2152 670 2228 vij.
695 2151 818 2210 marchis
841 2162 869 2207 et
891 2149 936 2224 .vj.
959 2151 1016 2209 oris
1037 2170 1102 2209 cum
1125 2151 1244 2208 dimidie
1273 2160 1302 2208 et
1328 2150 1374 2226 .vj.
1395 2152 1483 2209 dena·

297 2251 346 2329 rije
369 2254 443 2313 dicte
465 2273 556 2330 perne
580 2254 701 2329 pecunie
718 2252 839 2313 Swecie.
864 2260 1033 2328 computate
1054 2271 1153 2310 merce
1174 2271 1266 2328 perus
1287 2252 1410 2327 pecunie
1431 2271 1484 2328 pro

299 2353 336 2428 ,ij.
359 2355 411 2413 sol.
433 2354 494 2428 viij.
518 2356 582 2413 den.
605 2355 816 2430 sterlingorum.
1455 2356 1457 2360 ’

382 2455 455 2513 Item
479 2462 519 2513 .v⁰.
540 2454 608 2531 lviij.
628 2455 734 2513 march.
756 2473 847 2531 perue
870 2453 992 2528 pecunie
1012 2454 1130 2514 Swecie.
1154 2456 1191 2513 ed
1213 2454 1327 2531 pondus
1344 2454 1379 2511 de
1394 2453 1484 2514 Scha-

298 2557 346 2614 ris.
369 2576 425 2633 que
446 2567 597 2614 numerate
618 2556 743 2626 luerunt,
766 2563 795 2613 et
816 2555 1006 2614 essenderunt
1027 2557 1064 2613 ed
1088 2554 1133 2630 ,ijn
1157 2565 1186 2613 et
1207 2556 1286 2632 xxij.
1307 2574 1428 2614 merces.
1457 2564 1486 2613 et

299 2657 337 2715 n<
357 2677 421 2717 vnc.
441 2657 478 2733 vj.
501 2659 565 2717 den.
588 2666 728 2716 numeret.
750 2675 842 2733 parue
864 2656 987 2732 pecunie
1009 2656 1129 2720 Swecie.
1262 2656 1264 2663 '

384 2862 431 2920 De
453 2862 558 2939 quibus
580 2862 634 2920 d1’1s
656 2881 708 2920 rex
729 2861 887 2936 Norwegie
909 2861 1010 2919 hebuit
1036 2862 1228 2919 medietatem.
1259 2859 1394 2920 videlicet
1420 2860 1485 2920 clx.

300 2981 413 3023 merces
435 2972 464 3023 et
484 2963 520 3040 ij.
542 2964 642 3022 vncies
664 2982 730 3022 cum
753 2962 872 3020 dimidie
893 2962 1013 3038 ergenq.
1035 2964 1072 3021 ed
1104 2963 1217 3039 pondus
1250 2963 1286 3020 de
1315 2962 1421 3023 Sceris.
1444 2988 1485 3001 -

300 3065 376 3123 Item
398 3064 507 3142 miij.
535 3064 624 3124 libres
653 3064 729 3140 .xvij.
751 3065 803 3122 sol.
836 3065 862 3123 .i.
895 3065 992 3123 dener.
1026 3085 1091 3124 cunr
1125 3064 1243 3122 dimidio
1273 3065 1484 3141 sterlingorum.

300 3166 374 3223 Item
397 3187 442 3227 .m.
464 3166 511 3242 .xj.
533 3186 620 3226 merc.
643 3175 672 3225 et
693 3166 730 3240 ij.
753 3184 793 3223 or.
816 3185 863 3223 xv.
886 3165 983 3224 dener.
1006 3176 1146 3226 numeret.
1170 3166 1267 3223 dener.
1288 3164 1408 3225 Swecie.

384 3368 538 3444 Reliquam
560 3387 629 3426 vero
652 3368 834 3426 medietatem
856 3368 962 3426 retinui
985 3387 1039 3444 ego
1062 3368 1156 3427 dictus
1176 3368 1263 3426 irater
1278 3367 1428 3426 Iohannes
1450 3367 1486 3424 de

300 3467 410 3528 Serene
432 3489 485 3546 pro
505 3488 620 3528 camera
642 3467 690 3544 dnj
712 3469 802 3527 nostri
823 3489 909 3546 pape.
938 3469 1074 3527 videlicet
1103 3468 1168 3528 clx.
1189 3487 1303 3526 merces
1325 3466 1362 3543 .ij.
1385 3467 1486 3526 vncies

301 3587 367 3626 cum
390 3570 487 3628 dimid.
509 3570 629 3648 argentj.
653 3571 689 3628 ad
711 3571 824 3646 pondus
847 3571 883 3628 de
906 3570 1031 3630 Scheris.
1054 3589 1107 3646 pro
1137 3569 1208 3645 ‚viijt
1223 3569 1247 3646 j.
1269 3588 1357 3628 marc.
1380 3579 1408 3626 et
1429 3567 1486 3645 iiij.

301 3689 342 3729 or.
364 3691 429 3729 cum
451 3672 548 3730 dimid.
570 3680 710 3730 numeret.
732 3673 828 3729 dener.
852 3671 1033 3732 Sweuorum.

383 3772 459 3837 Item
480 3772 589 3849 .xxxiij.
611 3772 675 3831 libr.
698 3772 773 3848 urvij.
786 3774 838 3830 sol.
859 3784 888 3830 et
910 3772 936 3829 .ἰ.
959 3772 1055 3830 dener.
1078 3791 1144 3830 cum
1166 3771 1263 3830 dimid.
1284 3769 1411 3846 sterling.
1434 3789 1486 3846 pro

300 3870 342 3947 .ij⁰.
364 3872 382 3928 l.
404 3892 493 3932 merc.
513 3885 541 3932 et
561 3873 608 3951 ‚iij.
632 3894 673 3932 or.
696 3891 761 3931 cum
784 3885 888 3950 quarta
910 3882 992 3950 perte
1012 3873 1096 3931 vnius
1119 3892 1176 3930 ore.
1190 3872 1276 3948 etiij.
1288 3872 1353 3929 den.
1365 3870 1485 3932 Sweuis.

384 3974 458 4031 Item
482 3993 527 4032 .m.
548 3974 587 4050 xj.
607 3993 697 4033 merc.
720 3984 749 4033 et
769 3974 805 4050 ij.
827 3994 869 4032 or.
893 3993 951 4033 .xv.
975 3975 1088 4034 demin
1111 3994 1204 4052 perne
1224 3973 1357 4049 pecunie.
1385 3992 1486 4031 nume·

300 4083 353 4132 ret.
375 4076 551 4135 admodum
573 4076 693 4138 Swecie.

1011 4262 1075 4320 clx.
1086 4261 1279 4337 murc.ij.vnc.
1286 4280 1360 4320 cum.
1368 4260 1486 4319 dimidie

1030 4345 1486 4423 argentjndpondusuescharis.

1008 4432 1118 4508 .xxxiij.
1135 4433 1216 4490 liber.
1230 4429 1300 4506 xvij.
1317 4431 1369 4489 sol.
1386 4430 1403 4487 i.
1422 4430 1485 4487 den.

1029 4536 1095 4577 cum
1126 4515 1242 4574 dimidio
1274 4515 1486 4590 sterlingorum.

1007 4621 1053 4661 .m.
1075 4601 1113 4677 xj.
1135 4620 1223 4658 marc.
1245 4609 1275 4657 et
1295 4599 1329 4675 ij.
1352 4619 1416 4658 vnc.
1437 4617 1486 4657 xv.
1545 4636 1548 4647 ·

1029 4687 1093 4744 den.
1114 4704 1206 4762 perue
1226 4685 1356 4761 pecunie.

1241 4799 1285 4863 a}

299 4463 378 4548 [cp]
424 4472 544 4533 Summa
554 4473 660 4550 pagine
672 4475 708 4532 de
719 4475 788 4533 Rec.
801 4494 854 4550 pro
866 4494 982 4533 camere
