3584 5625
851 467 887 524 71

273 660 386 713 nostres
407 650 506 711 literas
527 650 601 710 sicut
622 650 651 710 in
674 650 781 710 eisdem
809 651 912 711 litteris
944 651 1057 727 plenius
1091 655 1264 726 continetur,
1295 657 1463 727 commissis,

273 752 422 830 cupientes
444 752 542 829 iteqne
564 752 643 828 quod
666 753 766 811 eedem
788 753 911 829 negocia
931 754 1084 831 quibnsuis
1106 756 1216 813 nocinis
1230 756 1353 815 sublatis
1365 759 1462 816 obste-

273 854 346 915 culis
365 863 579 931 prosperentur,
601 861 633 912 vt
653 854 677 912 si
699 854 816 930 qnando
838 862 867 911 et
888 854 1027 930 quociens
1045 854 1148 931 preleti
1158 856 1406 933 Archiepiseopus
1429 867 1499 917 etot.
1511 873 1560 911 tn·-

272 956 436 1033 Episcopus
458 962 509 1014 ent
530 953 603 1012 alter
623 954 752 1030 ipsorum
773 974 879 1014 vacere
902 976 959 1032 non
981 966 1099 1033 possent
1120 967 1171 1014 eut
1193 958 1303 1016 nollent
1329 958 1460 1034 ¹negoeijs

271 1057 432 1130 antedictis,
453 1063 486 1115 tn
509 1073 544 1113 ee
565 1063 623 1114 tem
645 1054 780 1114 inchoate
802 1075 889 1133 qnam
913 1057 998 1116 etism
1025 1058 1188 1115 inchoanda
1222 1059 1315 1135 possis
1347 1079 1400 1135 per
1431 1069 1459 1119 te

271 1158 366 1218 selum
388 1167 439 1220 eut
460 1156 548 1216 elium
570 1155 618 1213 nel
640 1156 712 1217 elios
733 1177 785 1234 per
806 1167 834 1216 te
865 1177 953 1235 snper
974 1160 1029 1218 hoe
1052 1159 1242 1234 deputandos,
1265 1160 1339 1220 elies
1360 1171 1458 1220 temen

269 1260 465 1339 predictarum
486 1258 646 1318 litterarum
667 1258 758 1317 lorme
780 1269 896 1318 seruate
918 1260 1055 1336 prosequi
1077 1268 1106 1317 et
1127 1260 1281 1337 complere,
1293 1262 1345 1321 tibi
1367 1262 1458 1321 facul·

271 1369 360 1420 tetem
381 1360 540 1438 plenariam
560 1368 660 1420 tenore
683 1360 858 1435 presentium
879 1361 1059 1436 inpertimur.
1093 1362 1203 1419 Datum
1225 1363 1376 1423 Aninione
1399 1363 1458 1439 iiij.

357 1562 487 1639 Quarum
510 1561 683 1622 anctoritate
700 1580 755 1639 ego
776 1563 961 1639 supradictus
982 1563 1088 1623 Petrus
1115 1562 1250 1638 Gemesij
1283 1566 1319 1624 de
1348 1564 1460 1624 decime

272 1664 422 1726 sexenneli
443 1663 540 1740 recepi
562 1662 701 1740 pecunias
721 1662 917 1738 infrascriptae
927 1660 948 1721 ¹.

717 1927 974 1936 0-0-——aen-—nu-
984 1928 1010 1935 0--

312 2151 363 2224 De
389 2151 531 2246 receptis
559 2171 603 2222 ex
630 2148 759 2221 decime
785 2148 982 2222 *sexenneli
1010 2153 1041 2221 in
1069 2152 1202 2222 ciuitate
1228 2162 1262 2222 et
1288 2151 1415 2224 diocesi
1464 2171 1557 2214 ιιι-ιιι.

582 2265 810 2341 Lundensilrns
837 2269 870 2340 in
895 2289 1001 2359 regno
1027 2267 1141 2340 Dneie.

353 2442 441 2502 Anno
464 2442 512 2502 dni
535 2450 586 2501 ml
608 2449 672 2503 cccl
693 2438 788 2517 xxxijt
815 2442 861 2499 die
883 2440 1003 2517 mxc-ijs·
1021 2442 1127 2502 mensis
1159 2443 1326 2519 Februarij:
1362 2413 1458 2520 recepi

269 2564 288 2603 e
310 2544 368 2601 diro
389 2544 524 2603 Johenne
545 2542 652 2603 Kanna
681 2544 821 2604 canonico
844 2542 990 2603 Lundensi
1018 2544 1129 2622 pridem
1158 2544 1313 2603 collectore
1345 2543 1456 2603 decime

267 2645 433 2704 sexennelis
452 2646 576 2722 inposite
597 2645 626 2705 in
650 2644 773 2706 concilio
801 2645 830 2703 in
863 2645 990 2721 quedem
1022 2654 1104 2723 perte
1138 2645 1260 2706 diocesis
1293 2645 1455 2713 Lundensis

267 2774 305 2785 —
331 2746 415 2824 exvj.
436 2765 550 2807 merces
572 2756 686 2808 menete
708 2744 881 2807 scaniensis.

599 2848 722 2926 Recepit
738 2847 963 2924 jnstrumentum
984 2847 1123 2908 derebus.

350 3034 424 3094 Item
446 3052 521 3093 enno
540 3054 599 3113 quo
619 3053 716 3112 supra.
739 3035 785 3095 die
807 3054 856 3094 xv.
880 3035 986 3094 mensis
1005 3033 1118 3109 Mereij.
1145 3035 1242 3112 recepi
1274 3053 1292 3093 e
1326 3033 1454 3111 capitulo

264 3135 413 3196 Lnndensi
435 3155 488 3213 per
509 3155 612 3197 manus
634 3138 761 3197 eiusdem
784 3139 834 3195 dni
855 3136 999 3195 Johcnnis
1020 3135 1127 3194 Kanna
1156 3135 1191 3194 de
1219 3134 1344 3213 pecunia
1377 3134 1453 3194 eius·

264 3241 332 3298 dem
353 3237 465 3297 decime
487 3237 607 3298 collecte
629 3258 682 3316 per
701 3239 791 3297 dirum
811 3238 939 3299 Olenum
962 3238 1132 3297 canonicum
1155 3237 1338 3295 Lnndensem
1361 3255 1453 3312 qnon-

264 3341 334 3400 dam
353 3340 537 3400 collectorem
560 3339 687 3399 eiusdem
710 3339 820 3398 decime
842 3339 870 3397 in
893 3340 1020 3416 quedam
1042 3348 1124 3416 perte
1141 3339 1216 3397 dicte
1235 3338 1357 3403 diocesis
1374 3338 1453 3397 Lun-

264 3441 424 3501 densis-
445 3440 544 3518 ,xxxii
566 3460 679 3500 merces
702 3441 777 3499 dicte
799 3448 914 3499 monete
936 3440 1108 3501 Scaniensis.

597 3543 720 3620 Recepit
735 3542 960 3617 jnstrnmentnm
983 3542 1122 3601 Jecobus.

348 3712 424 3772 Item
445 3729 520 3772 anno
543 3730 601 3788 quo
623 3731 719 3789 snpra.
743 3712 789 3772 die
816 3712 889 3788 .xxj⁸.
919 3709 1032 3787 Meroij.
1061 3711 1157 3788 recepi
1190 3731 1208 3768 a
1241 3712 1342 3772 eedem
1376 3713 1453 3772 dicto

261 3815 323 3875 d'ne
343 3815 478 3875 Johenne
494 3815 601 3874 Kanna
623 3813 659 3872 de
679 3814 803 3892 pecunie
826 3814 954 3874 eiusdem
977 3812 1087 3872 decime
1109 3814 1230 3873 collecte
1252 3834 1304 3890 per
1325 3833 1391 3872 eum
1414 3841 1452 3852 -

261 3932 300 3977 ιι.
322 3935 444 3978 mareas.
466 3925 494 3976 et
517 3915 623 3991 .xxviij.
645 3916 786 3975 denarios.
808 3915 884 3975 dicte
907 3926 1029 3974 monete.

586 4018 710 4095 Recepit
724 4016 951 4094 jnstrumentnm
973 4017 1130 4076 Johennes

318 4198 323 4207 “
347 4187 411 4247 Hoc
433 4188 530 4265 recepi
552 4188 588 4246 de
610 4188 784 4246 restantibus
809 4188 900 4264 ipsius
933 4188 1044 4246 decime
1074 4187 1103 4245 in
1135 4185 1253 4245 ciuitate
1284 4196 1312 4243 ot
1345 4186 1451 4245 diocesi

259 4289 408 4368 predictis.

347 4390 457 4468 Recepi
479 4390 571 4467 primo
593 4411 611 4448 e
633 4409 756 4467 persone
778 4392 900 4450 ecclesie
922 4392 1013 4451 sancti
1036 4389 1193 4451 Clementis
1214 4388 1340 4448 ciuitatis
1352 4387 1451 4447 Lund-

259 4493 339 4554 ensis
359 4492 477 4552 racione
499 4492 575 4551 dicte
598 4493 709 4552 decime
731 4511 788 4550 non
810 4493 904 4552 solute
926 4512 979 4569 pro
1002 4494 1104 4552 ultimo
1127 4489 1248 4550 termino
1271 4490 1363 4550 ultimi
1383 4490 1450 4549 enni

259 4598 298 4656 de
317 4594 396 4654 dicte
415 4592 539 4653 ecclesie
560 4614 614 4653 sne
641 4624 670 4632 -
699 4594 744 4669 .vj.
767 4613 832 4654 ores
855 4595 1039 4654 deneriomm
1061 4593 1269 4655 Sceniensium.

296 4739 307 4771 ¹
330 4742 419 4808 Ogsee
437 4742 504 4794 disse
521 4751 548 4793 to
567 4743 654 4808 Linjer
671 4760 746 4809 synes
769 4753 796 4794 et
822 4761 886 4795 rnre
914 4760 1002 4796 sonere
1029 4744 1154 4808 tilfojede,
1181 4758 1240 4792 men
1268 4743 1327 4792 mcd
1356 4754 1451 4791 semme

330 4828 434 4892 lisand,
452 4843 506 4879 som
525 4830 569 4879 det
585 4829 680 4892 arrige.
