<?xml version="1.0" encoding="UTF-8"?>
<!DOCTYPE html PUBLIC "-//W3C//DTD XHTML 1.0 Transitional//EN"
    "http://www.w3.org/TR/xhtml1/DTD/xhtml1-transitional.dtd">
<html xmlns="http://www.w3.org/1999/xhtml" xml:lang="en" lang="en">
 <head>
  <title>
</title>
<meta http-equiv="Content-Type" content="text/html;charset=utf-8" />
  <meta name='ocr-system' content='tesseract 3.04.00' />
  <meta name='ocr-capabilities' content='ocr_page ocr_carea ocr_par ocr_line ocrx_word'/>
</head>
<body>
  <div class='ocr_page' id='page_1' title='image "./paveligenuntier00nuncgoog_0102.png"; bbox 0 0 3584 5625; ppageno 0'>
   <div class='ocr_carea' id='block_1_1' title="bbox 939 482 978 539">
    <p class='ocr_par' dir='ltr' id='par_1_1' title="bbox 939 482 978 539">
     <span class='ocr_line' id='line_1_1' title="bbox 939 482 978 539; baseline 0 0"><span class='ocrx_word' id='word_1_1' title='bbox 939 482 978 539; x_wconf 89' lang='grc'>90</span> 
     </span>
    </p>
   </div>
   <div class='ocr_carea' id='block_1_2' title="bbox 294 665 1589 2775">
    <p class='ocr_par' dir='ltr' id='par_1_2' title="bbox 294 665 1589 2567">
     <span class='ocr_line' id='line_1_2' title="bbox 362 665 1550 744; baseline -0.001 -19"><span class='ocrx_word' id='word_1_2' title='bbox 362 675 433 740; x_wconf 87' lang='lat' dir='ltr'>tene,</span> <span class='ocrx_word' id='word_1_3' title='bbox 455 666 571 743; x_wconf 79' lang='lat' dir='ltr'>exigere</span> <span class='ocrx_word' id='word_1_4' title='bbox 593 684 628 724; x_wconf 90' lang='lat' dir='ltr'>ac</span> <span class='ocrx_word' id='word_1_5' title='bbox 649 666 778 744; x_wconf 88' lang='lat' dir='ltr'>recipere</span> <span class='ocrx_word' id='word_1_6' title='bbox 800 667 936 744; x_wconf 88' lang='lat' dir='ltr'>dictaque</span> <span class='ocrx_word' id='word_1_7' title='bbox 957 666 1075 725; x_wconf 89' lang='lat' dir='ltr'>residua</span> <span class='ocrx_word' id='word_1_8' title='bbox 1096 686 1149 743; x_wconf 88' lang='lat' dir='ltr'>per</span> <span class='ocrx_word' id='word_1_9' title='bbox 1169 675 1198 724; x_wconf 90' lang='lat' dir='ltr'>te</span> <span class='ocrx_word' id='word_1_10' title='bbox 1220 666 1268 723; x_wconf 89' lang='lat' dir='ltr'>uel</span> <span class='ocrx_word' id='word_1_11' title='bbox 1290 665 1378 725; x_wconf 87' lang='lat' dir='ltr'>alium</span> <span class='ocrx_word' id='word_1_12' title='bbox 1400 686 1453 727; x_wconf 89' lang='lat' dir='ltr'>seu</span> <span class='ocrx_word' id='word_1_13' title='bbox 1476 666 1550 725; x_wconf 85' lang='lat' dir='ltr'>alios</span> 
     </span>
     <span class='ocr_line' id='line_1_3' title="bbox 364 766 1549 844; baseline 0 -17"><span class='ocrx_word' id='word_1_14' title='bbox 364 766 499 843; x_wconf 83' lang='lat' dir='ltr'>colligere</span> <span class='ocrx_word' id='word_1_15' title='bbox 521 767 638 826; x_wconf 77' lang='lat' dir='ltr'>studeas</span> <span class='ocrx_word' id='word_1_16' title='bbox 660 768 821 843; x_wconf 78' lang='lat' dir='ltr'>diligenter,</span> <span class='ocrx_word' id='word_1_17' title='bbox 834 769 978 840; x_wconf 84' lang='lat' dir='ltr'>Prolatos,</span> <span class='ocrx_word' id='word_1_18' title='bbox 1000 767 1136 844; x_wconf 87' lang='lat' dir='ltr'>capitula,</span> <span class='ocrx_word' id='word_1_19' title='bbox 1158 766 1327 827; x_wconf 75' lang='lat' dir='ltr'>collectores</span> <span class='ocrx_word' id='word_1_20' title='bbox 1348 769 1549 828; x_wconf 87' lang='lat' dir='ltr'>etsnbcollec·</span> 
     </span>
     <span class='ocr_line' id='line_1_4' title="bbox 363 861 1551 948; baseline -0.001 -21"><span class='ocrx_word' id='word_1_21' title='bbox 363 878 441 927; x_wconf 90' lang='lat' dir='ltr'>tores</span> <span class='ocrx_word' id='word_1_22' title='bbox 462 868 626 927; x_wconf 86' lang='lat' dir='ltr'>huiusmodi</span> <span class='ocrx_word' id='word_1_23' title='bbox 648 878 678 926; x_wconf 90' lang='lat' dir='ltr'>et</span> <span class='ocrx_word' id='word_1_24' title='bbox 698 861 908 945; x_wconf 72' lang='lat' dir='ltr'>quosuis&#39;alios</span> <span class='ocrx_word' id='word_1_25' title='bbox 930 871 967 928; x_wconf 89' lang='lat' dir='ltr'>ad</span> <span class='ocrx_word' id='word_1_26' title='bbox 988 889 1062 948; x_wconf 89' lang='lat' dir='ltr'>quos</span> <span class='ocrx_word' id='word_1_27' title='bbox 1084 870 1162 928; x_wconf 90' lang='lat' dir='ltr'>dicta</span> <span class='ocrx_word' id='word_1_28' title='bbox 1183 870 1307 946; x_wconf 86' lang='lat' dir='ltr'>pecunia</span> <span class='ocrx_word' id='word_1_29' title='bbox 1333 869 1551 948; x_wconf 87' lang='lat' dir='ltr'>quomodolibet</span> 
     </span>
     <span class='ocr_line' id='line_1_5' title="bbox 363 970 1550 1047; baseline 0 -18"><span class='ocrx_word' id='word_1_30' title='bbox 363 970 527 1046; x_wconf 90' lang='lat' dir='ltr'>peruenerit</span> <span class='ocrx_word' id='word_1_31' title='bbox 548 972 585 1028; x_wconf 90' lang='lat' dir='ltr'>ed</span> <span class='ocrx_word' id='word_1_32' title='bbox 606 970 759 1037; x_wconf 86' lang='lat' dir='ltr'>illemtibi</span> <span class='ocrx_word' id='word_1_33' title='bbox 782 978 879 1028; x_wconf 90' lang='lat' dir='ltr'>nostro</span> <span class='ocrx_word' id='word_1_34' title='bbox 901 980 931 1028; x_wconf 92' lang='lat' dir='ltr'>et</span> <span class='ocrx_word' id='word_1_35' title='bbox 951 970 1073 1029; x_wconf 82' lang='lat' dir='ltr'>ecclesie</span> <span class='ocrx_word' id='word_1_36' title='bbox 1095 979 1252 1029; x_wconf 85' lang='lat' dir='ltr'>memorate</span> <span class='ocrx_word' id='word_1_37' title='bbox 1280 971 1396 1030; x_wconf 91' lang='lat' dir='ltr'>nomine</span> <span class='ocrx_word' id='word_1_38' title='bbox 1423 972 1550 1047; x_wconf 88' lang='lat' dir='ltr'>integra-</span> 
     </span>
     <span class='ocr_line' id='line_1_6' title="bbox 362 1069 1552 1149; baseline 0.002 -20"><span class='ocrx_word' id='word_1_39' title='bbox 362 1072 427 1129; x_wconf 90' lang='lat' dir='ltr'>liter</span> <span class='ocrx_word' id='word_1_40' title='bbox 449 1071 660 1147; x_wconf 78' lang='lat' dir='ltr'>assignandam,</span> <span class='ocrx_word' id='word_1_41' title='bbox 681 1092 735 1131; x_wconf 93' lang='lat' dir='ltr'>nec</span> <span class='ocrx_word' id='word_1_42' title='bbox 757 1091 814 1131; x_wconf 94' lang='lat' dir='ltr'>non</span> <span class='ocrx_word' id='word_1_43' title='bbox 835 1069 969 1130; x_wconf 78' lang='lat' dir='ltr'>Prolatos</span> <span class='ocrx_word' id='word_1_44' title='bbox 995 1072 1083 1148; x_wconf 92' lang='lat' dir='ltr'>ipsos,</span> <span class='ocrx_word' id='word_1_45' title='bbox 1115 1082 1145 1131; x_wconf 90' lang='lat' dir='ltr'>et</span> <span class='ocrx_word' id='word_1_46' title='bbox 1177 1090 1375 1149; x_wconf 85' lang='lat' dir='ltr'>quascumque</span> <span class='ocrx_word' id='word_1_47' title='bbox 1410 1090 1552 1147; x_wconf 81' lang='lat' dir='ltr'>personas</span> 
     </span>
     <span class='ocr_line' id='line_1_7' title="bbox 362 1164 1553 1250; baseline -0.001 -19"><span class='ocrx_word' id='word_1_48' title='bbox 362 1164 574 1231; x_wconf 50' lang='lat' dir='ltr'>¹ecclesiasticas</span> <span class='ocrx_word' id='word_1_49' title='bbox 596 1175 633 1231; x_wconf 88' lang='lat' dir='ltr'>ad</span> <span class='ocrx_word' id='word_1_50' title='bbox 656 1173 733 1231; x_wconf 88' lang='lat' dir='ltr'>dicta</span> <span class='ocrx_word' id='word_1_51' title='bbox 753 1173 870 1233; x_wconf 88' lang='lat' dir='ltr'>residua</span> <span class='ocrx_word' id='word_1_52' title='bbox 890 1172 1070 1249; x_wconf 87' lang='lat' dir='ltr'>integraliter</span> <span class='ocrx_word' id='word_1_53' title='bbox 1090 1172 1293 1250; x_wconf 90' lang='lat' dir='ltr'>persoluenda,</span> <span class='ocrx_word' id='word_1_54' title='bbox 1314 1182 1402 1250; x_wconf 89' lang='lat' dir='ltr'>prout</span> <span class='ocrx_word' id='word_1_55' title='bbox 1424 1173 1505 1249; x_wconf 87' lang='lat' dir='ltr'>ipsas</span> <span class='ocrx_word' id='word_1_56' title='bbox 1523 1182 1553 1231; x_wconf 91' lang='lat' dir='ltr'>et</span> 
     </span>
     <span class='ocr_line' id='line_1_8' title="bbox 364 1273 1553 1355; baseline -0.002 -22"><span class='ocrx_word' id='word_1_57' title='bbox 364 1293 463 1333; x_wconf 86' lang='lat' dir='ltr'>earum</span> <span class='ocrx_word' id='word_1_58' title='bbox 483 1274 611 1351; x_wconf 89' lang='lat' dir='ltr'>singulas</span> <span class='ocrx_word' id='word_1_59' title='bbox 633 1276 670 1333; x_wconf 91' lang='lat' dir='ltr'>ad</span> <span class='ocrx_word' id='word_1_60' title='bbox 691 1276 747 1333; x_wconf 89' lang='lat' dir='ltr'>hoo</span> <span class='ocrx_word' id='word_1_61' title='bbox 768 1274 859 1333; x_wconf 89' lang='lat' dir='ltr'>teneri</span> <span class='ocrx_word' id='word_1_62' title='bbox 881 1274 1005 1347; x_wconf 88' lang='lat' dir='ltr'>noueris,</span> <span class='ocrx_word' id='word_1_63' title='bbox 1027 1275 1199 1355; x_wconf 79' lang='lat' dir='ltr'>auctoritate</span> <span class='ocrx_word' id='word_1_64' title='bbox 1221 1284 1320 1333; x_wconf 89' lang='lat' dir='ltr'>nostra</span> <span class='ocrx_word' id='word_1_65' title='bbox 1349 1273 1553 1352; x_wconf 82' lang='lat' dir='ltr'>appellacione</span> 
     </span>
     <span class='ocr_line' id='line_1_9' title="bbox 294 1375 1552 1454; baseline -0.001 -20"><span class='ocrx_word' id='word_1_66' title='bbox 294 1392 296 1396; x_wconf 90' lang='grc'><em>·</em></span> <span class='ocrx_word' id='word_1_67' title='bbox 364 1376 525 1454; x_wconf 86' lang='lat' dir='ltr'>postposita</span> <span class='ocrx_word' id='word_1_68' title='bbox 546 1375 745 1453; x_wconf 90' lang='lat' dir='ltr'>compellendo</span> <span class='ocrx_word' id='word_1_69' title='bbox 766 1375 836 1435; x_wconf 88' lang='lat' dir='ltr'>Non</span> <span class='ocrx_word' id='word_1_70' title='bbox 859 1378 991 1436; x_wconf 82' lang='lat' dir='ltr'>obstante</span> <span class='ocrx_word' id='word_1_71' title='bbox 1013 1375 1037 1433; x_wconf 88' lang='lat' dir='ltr'>si</span> <span class='ocrx_word' id='word_1_72' title='bbox 1059 1375 1099 1433; x_wconf 91' lang='lat' dir='ltr'>eis</span> <span class='ocrx_word' id='word_1_73' title='bbox 1121 1375 1169 1433; x_wconf 87' lang='lat' dir='ltr'>uel</span> <span class='ocrx_word' id='word_1_74' title='bbox 1192 1396 1291 1434; x_wconf 90' lang='lat' dir='ltr'>eorum</span> <span class='ocrx_word' id='word_1_75' title='bbox 1313 1376 1460 1454; x_wconf 82' lang='lat' dir='ltr'>aliquibus</span> <span class='ocrx_word' id='word_1_76' title='bbox 1473 1394 1552 1434; x_wconf 91' lang='lat' dir='ltr'>com·</span> 
     </span>
     <span class='ocr_line' id='line_1_10' title="bbox 363 1475 1554 1555; baseline -0.001 -20"><span class='ocrx_word' id='word_1_77' title='bbox 363 1479 487 1536; x_wconf 82' lang='lat' dir='ltr'>maniter</span> <span class='ocrx_word' id='word_1_78' title='bbox 508 1478 556 1536; x_wconf 92' lang='lat' dir='ltr'>uel</span> <span class='ocrx_word' id='word_1_79' title='bbox 577 1478 691 1537; x_wconf 86' lang='lat' dir='ltr'>diuisirn</span> <span class='ocrx_word' id='word_1_80' title='bbox 713 1497 731 1534; x_wconf 92' lang='lat' dir='ltr'>a</span> <span class='ocrx_word' id='word_1_81' title='bbox 758 1478 827 1536; x_wconf 89' lang='lat' dir='ltr'>sede</span> <span class='ocrx_word' id='word_1_82' title='bbox 858 1476 1020 1552; x_wconf 86' lang='lat' dir='ltr'>apostolica</span> <span class='ocrx_word' id='word_1_83' title='bbox 1052 1476 1089 1535; x_wconf 88' lang='lat' dir='ltr'>sit</span> <span class='ocrx_word' id='word_1_84' title='bbox 1120 1476 1264 1535; x_wconf 88' lang='lat' dir='ltr'>indultum</span> <span class='ocrx_word' id='word_1_85' title='bbox 1298 1478 1377 1555; x_wconf 90' lang='lat' dir='ltr'>quod</span> <span class='ocrx_word' id='word_1_86' title='bbox 1409 1475 1554 1549; x_wconf 77' lang='lat' dir='ltr'>interdici,</span> 
     </span>
     <span class='ocr_line' id='line_1_11' title="bbox 364 1577 1553 1655; baseline -0.003 -17"><span class='ocrx_word' id='word_1_87' title='bbox 364 1579 501 1655; x_wconf 86' lang='lat' dir='ltr'>suspendi</span> <span class='ocrx_word' id='word_1_88' title='bbox 522 1580 569 1637; x_wconf 92' lang='lat' dir='ltr'>uel</span> <span class='ocrx_word' id='word_1_89' title='bbox 590 1578 834 1637; x_wconf 86' lang='lat' dir='ltr'>excommunicari</span> <span class='ocrx_word' id='word_1_90' title='bbox 855 1597 913 1636; x_wconf 91' lang='lat' dir='ltr'>non</span> <span class='ocrx_word' id='word_1_91' title='bbox 934 1578 1045 1655; x_wconf 81' lang='lat' dir='ltr'>possint</span> <span class='ocrx_word' id='word_1_92' title='bbox 1067 1598 1119 1655; x_wconf 89' lang='lat' dir='ltr'>per</span> <span class='ocrx_word' id='word_1_93' title='bbox 1144 1577 1255 1637; x_wconf 85' lang='lat' dir='ltr'>litterae</span> <span class='ocrx_word' id='word_1_94' title='bbox 1286 1579 1461 1655; x_wconf 85' lang='lat' dir='ltr'>apostolicas</span> <span class='ocrx_word' id='word_1_95' title='bbox 1494 1596 1553 1635; x_wconf 91' lang='lat' dir='ltr'>non</span> 
     </span>
     <span class='ocr_line' id='line_1_12' title="bbox 364 1679 1555 1758; baseline 0 -20"><span class='ocrx_word' id='word_1_96' title='bbox 364 1680 501 1739; x_wconf 86' lang='lat' dir='ltr'>iacientes</span> <span class='ocrx_word' id='word_1_97' title='bbox 522 1683 637 1758; x_wconf 84' lang='lat' dir='ltr'>plenam</span> <span class='ocrx_word' id='word_1_98' title='bbox 659 1690 688 1737; x_wconf 89' lang='lat' dir='ltr'>et</span> <span class='ocrx_word' id='word_1_99' title='bbox 710 1698 876 1757; x_wconf 86' lang='lat' dir='ltr'>expressam</span> <span class='ocrx_word' id='word_1_100' title='bbox 897 1699 933 1737; x_wconf 92' lang='lat' dir='ltr'>ac</span> <span class='ocrx_word' id='word_1_101' title='bbox 955 1680 992 1738; x_wconf 92' lang='lat' dir='ltr'>de</span> <span class='ocrx_word' id='word_1_102' title='bbox 1024 1680 1115 1738; x_wconf 89' lang='lat' dir='ltr'>uerbo</span> <span class='ocrx_word' id='word_1_103' title='bbox 1148 1681 1185 1737; x_wconf 89' lang='lat' dir='ltr'>ad</span> <span class='ocrx_word' id='word_1_104' title='bbox 1217 1682 1339 1738; x_wconf 89' lang='lat' dir='ltr'>uerbum</span> <span class='ocrx_word' id='word_1_105' title='bbox 1372 1680 1408 1738; x_wconf 91' lang='lat' dir='ltr'>de</span> <span class='ocrx_word' id='word_1_106' title='bbox 1439 1679 1555 1738; x_wconf 90' lang='lat' dir='ltr'>indulto</span> 
     </span>
     <span class='ocr_line' id='line_1_13' title="bbox 364 1780 1556 1860; baseline -0.001 -21"><span class='ocrx_word' id='word_1_107' title='bbox 364 1782 530 1840; x_wconf 89' lang='lat' dir='ltr'>huiusmodi</span> <span class='ocrx_word' id='word_1_108' title='bbox 551 1781 739 1841; x_wconf 85' lang='lat' dir='ltr'>mencionem.</span> <span class='ocrx_word' id='word_1_109' title='bbox 765 1783 828 1842; x_wconf 88' lang='lat' dir='ltr'>Nos</span> <span class='ocrx_word' id='word_1_110' title='bbox 855 1789 952 1839; x_wconf 89' lang='lat' dir='ltr'>autem</span> <span class='ocrx_word' id='word_1_111' title='bbox 984 1781 1035 1840; x_wconf 89' lang='lat' dir='ltr'>tibi</span> <span class='ocrx_word' id='word_1_112' title='bbox 1064 1780 1203 1858; x_wconf 88' lang='lat' dir='ltr'>premissa</span> <span class='ocrx_word' id='word_1_113' title='bbox 1221 1782 1333 1860; x_wconf 88' lang='lat' dir='ltr'>omnia</span> <span class='ocrx_word' id='word_1_114' title='bbox 1364 1780 1489 1839; x_wconf 80' lang='lat' dir='ltr'>faciendi</span> <span class='ocrx_word' id='word_1_115' title='bbox 1526 1790 1556 1838; x_wconf 92' lang='lat' dir='ltr'>et</span> 
     </span>
     <span class='ocr_line' id='line_1_14' title="bbox 365 1881 1589 1959; baseline 0 -18"><span class='ocrx_word' id='word_1_116' title='bbox 365 1883 493 1959; x_wconf 85' lang='lat' dir='ltr'>plenarie</span> <span class='ocrx_word' id='word_1_117' title='bbox 515 1884 677 1956; x_wconf 85' lang='lat' dir='ltr'>exercendi,</span> <span class='ocrx_word' id='word_1_118' title='bbox 698 1902 753 1943; x_wconf 92' lang='lat' dir='ltr'>nec</span> <span class='ocrx_word' id='word_1_119' title='bbox 774 1902 832 1941; x_wconf 92' lang='lat' dir='ltr'>non</span> <span class='ocrx_word' id='word_1_120' title='bbox 852 1885 890 1941; x_wconf 88' lang='lat' dir='ltr'>ab</span> <span class='ocrx_word' id='word_1_121' title='bbox 911 1883 1020 1941; x_wconf 87' lang='lat' dir='ltr'>eisdem</span> <span class='ocrx_word' id='word_1_122' title='bbox 1041 1882 1176 1955; x_wconf 90' lang='lat' dir='ltr'>Prelatis,</span> <span class='ocrx_word' id='word_1_123' title='bbox 1187 1883 1329 1958; x_wconf 88' lang='lat' dir='ltr'>capitulis,</span> <span class='ocrx_word' id='word_1_124' title='bbox 1349 1881 1556 1942; x_wconf 83' lang='lat' dir='ltr'>collectoribus</span> <span class='ocrx_word' id='word_1_125' title='bbox 1586 1898 1589 1903; x_wconf 84' lang='lat'>&#39;</span> 
     </span>
     <span class='ocr_line' id='line_1_15' title="bbox 366 1983 1555 2060; baseline -0.002 -18"><span class='ocrx_word' id='word_1_126' title='bbox 366 1994 395 2042; x_wconf 91' lang='lat' dir='ltr'>et</span> <span class='ocrx_word' id='word_1_127' title='bbox 416 1984 673 2043; x_wconf 87' lang='lat' dir='ltr'>subcollectoribus</span> <span class='ocrx_word' id='word_1_128' title='bbox 694 1984 840 2042; x_wconf 82' lang='lat' dir='ltr'>racionem</span> <span class='ocrx_word' id='word_1_129' title='bbox 860 2002 949 2060; x_wconf 88' lang='lat' dir='ltr'>super</span> <span class='ocrx_word' id='word_1_130' title='bbox 959 1984 1087 2043; x_wconf 90' lang='lat' dir='ltr'>eiusdem</span> <span class='ocrx_word' id='word_1_131' title='bbox 1096 1984 1272 2043; x_wconf 92' lang='lat' dir='ltr'>colleccione</span> <span class='ocrx_word' id='word_1_132' title='bbox 1283 1984 1394 2042; x_wconf 89' lang='lat' dir='ltr'>decime</span> <span class='ocrx_word' id='word_1_133' title='bbox 1406 1983 1555 2055; x_wconf 88' lang='lat' dir='ltr'>audiendi,</span> 
     </span>
     <span class='ocr_line' id='line_1_16' title="bbox 367 2084 1556 2162; baseline 0.001 -19"><span class='ocrx_word' id='word_1_134' title='bbox 367 2104 474 2162; x_wconf 86' lang='lat' dir='ltr'>eosque</span> <span class='ocrx_word' id='word_1_135' title='bbox 495 2085 638 2162; x_wconf 87' lang='lat' dir='ltr'>quittandi</span> <span class='ocrx_word' id='word_1_136' title='bbox 660 2094 688 2143; x_wconf 89' lang='lat' dir='ltr'>et</span> <span class='ocrx_word' id='word_1_137' title='bbox 709 2085 878 2144; x_wconf 88' lang='lat' dir='ltr'>absoluendi</span> <span class='ocrx_word' id='word_1_138' title='bbox 901 2085 937 2142; x_wconf 91' lang='lat' dir='ltr'>de</span> <span class='ocrx_word' id='word_1_139' title='bbox 956 2085 1010 2160; x_wconf 92' lang='lat' dir='ltr'>hijs</span> <span class='ocrx_word' id='word_1_140' title='bbox 1029 2085 1163 2161; x_wconf 85' lang='lat' dir='ltr'>quoinde</span> <span class='ocrx_word' id='word_1_141' title='bbox 1175 2085 1318 2162; x_wconf 86' lang='lat' dir='ltr'>receperis</span> <span class='ocrx_word' id='word_1_142' title='bbox 1330 2086 1368 2144; x_wconf 90' lang='lat' dir='ltr'>ab</span> <span class='ocrx_word' id='word_1_143' title='bbox 1379 2084 1498 2156; x_wconf 88' lang='lat' dir='ltr'>eisdem,</span> <span class='ocrx_word' id='word_1_144' title='bbox 1513 2084 1556 2144; x_wconf 92' lang='lat' dir='ltr'>sic</span> 
     </span>
     <span class='ocr_line' id='line_1_17' title="bbox 365 2185 1555 2264; baseline -0.003 -18"><span class='ocrx_word' id='word_1_145' title='bbox 365 2198 461 2246; x_wconf 88' lang='lat' dir='ltr'>tamen</span> <span class='ocrx_word' id='word_1_146' title='bbox 484 2189 562 2264; x_wconf 91' lang='lat' dir='ltr'>quod</span> <span class='ocrx_word' id='word_1_147' title='bbox 582 2207 670 2264; x_wconf 87' lang='lat' dir='ltr'>super</span> <span class='ocrx_word' id='word_1_148' title='bbox 690 2186 810 2263; x_wconf 86' lang='lat' dir='ltr'>singulis</span> <span class='ocrx_word' id='word_1_149' title='bbox 832 2186 1079 2263; x_wconf 86' lang='lat' dir='ltr'>assignacionibus</span> <span class='ocrx_word' id='word_1_150' title='bbox 1100 2188 1202 2246; x_wconf 87' lang='lat' dir='ltr'>confici</span> <span class='ocrx_word' id='word_1_151' title='bbox 1216 2185 1555 2263; x_wconf 85' lang='lat' dir='ltr'>publicaiaciesjnstru·</span> 
     </span>
     <span class='ocr_line' id='line_1_18' title="bbox 367 2287 1557 2366; baseline 0 -19"><span class='ocrx_word' id='word_1_152' title='bbox 367 2298 472 2361; x_wconf 87' lang='lat' dir='ltr'>mente,</span> <span class='ocrx_word' id='word_1_153' title='bbox 494 2309 550 2365; x_wconf 92' lang='lat' dir='ltr'>que</span> <span class='ocrx_word' id='word_1_154' title='bbox 572 2289 655 2348; x_wconf 89' lang='lat' dir='ltr'>nobis</span> <span class='ocrx_word' id='word_1_155' title='bbox 676 2289 788 2347; x_wconf 90' lang='lat' dir='ltr'>mittere</span> <span class='ocrx_word' id='word_1_156' title='bbox 809 2288 934 2347; x_wconf 87' lang='lat' dir='ltr'>fideliter</span> <span class='ocrx_word' id='word_1_157' title='bbox 955 2308 1012 2346; x_wconf 92' lang='lat' dir='ltr'>non</span> <span class='ocrx_word' id='word_1_158' title='bbox 1034 2298 1201 2365; x_wconf 85' lang='lat' dir='ltr'>postponas,</span> <span class='ocrx_word' id='word_1_159' title='bbox 1223 2291 1338 2366; x_wconf 89' lang='lat' dir='ltr'>plenem</span> <span class='ocrx_word' id='word_1_160' title='bbox 1368 2287 1557 2347; x_wconf 88' lang='lat' dir='ltr'>concedimus</span> 
     </span>
     <span class='ocr_line' id='line_1_19' title="bbox 367 2386 1558 2469; baseline -0.003 -18"><span class='ocrx_word' id='word_1_161' title='bbox 367 2401 466 2452; x_wconf 88' lang='lat' dir='ltr'>tenore</span> <span class='ocrx_word' id='word_1_162' title='bbox 488 2391 669 2469; x_wconf 89' lang='lat' dir='ltr'>presencium</span> <span class='ocrx_word' id='word_1_163' title='bbox 690 2390 864 2450; x_wconf 80' lang='lat' dir='ltr'>facultatem.</span> <span class='ocrx_word' id='word_1_164' title='bbox 885 2392 996 2450; x_wconf 90' lang='lat' dir='ltr'>Datum</span> <span class='ocrx_word' id='word_1_165' title='bbox 1008 2386 1155 2450; x_wconf 74' lang='lat' dir='ltr'>Aninione</span> <span class='ocrx_word' id='word_1_166' title='bbox 1167 2390 1225 2466; x_wconf 79' lang='lat' dir='ltr'>iiij.</span> <span class='ocrx_word' id='word_1_167' title='bbox 1241 2391 1380 2449; x_wconf 85' lang='lat' dir='ltr'>kalendas</span> <span class='ocrx_word' id='word_1_168' title='bbox 1392 2388 1558 2465; x_wconf 84' lang='lat' dir='ltr'>Februarij,</span> 
     </span>
     <span class='ocr_line' id='line_1_20' title="bbox 369 2485 1479 2567; baseline -0.009 -13"><span class='ocrx_word' id='word_1_169' title='bbox 369 2495 560 2554; x_wconf 83' lang='lat' dir='ltr'>Pontificatus</span> <span class='ocrx_word' id='word_1_170' title='bbox 582 2494 672 2552; x_wconf 84' lang='lat' dir='ltr'>nostri</span> <span class='ocrx_word' id='word_1_171' title='bbox 694 2512 770 2551; x_wconf 90' lang='lat' dir='ltr'>anno</span> <span class='ocrx_word' id='word_1_172' title='bbox 793 2492 865 2567; x_wconf 83' lang='lat' dir='ltr'><strong>.xvj⁰.</strong></span> <span class='ocrx_word' id='word_1_173' title='bbox 1477 2485 1479 2489; x_wconf 76' lang='grc'><strong>’</strong></span> 
     </span>
    </p>

    <p class='ocr_par' dir='ltr' id='par_1_3' title="bbox 372 2593 1557 2775">
     <span class='ocr_line' id='line_1_21' title="bbox 451 2593 1557 2673; baseline -0.003 -19"><span class='ocrx_word' id='word_1_174' title='bbox 451 2596 582 2670; x_wconf 78' lang='lat' dir='ltr'>Quarum</span> <span class='ocrx_word' id='word_1_175' title='bbox 604 2595 776 2654; x_wconf 85' lang='lat' dir='ltr'>auctoritate</span> <span class='ocrx_word' id='word_1_176' title='bbox 797 2596 826 2653; x_wconf 95' lang='lat' dir='ltr'>in</span> <span class='ocrx_word' id='word_1_177' title='bbox 848 2595 926 2655; x_wconf 90' lang='lat' dir='ltr'>dicto</span> <span class='ocrx_word' id='word_1_178' title='bbox 949 2595 1108 2673; x_wconf 89' lang='lat' dir='ltr'>procedens</span> <span class='ocrx_word' id='word_1_179' title='bbox 1129 2594 1251 2671; x_wconf 89' lang='lat' dir='ltr'>negocio</span> <span class='ocrx_word' id='word_1_180' title='bbox 1274 2593 1370 2670; x_wconf 86' lang='lat' dir='ltr'>recepi</span> <span class='ocrx_word' id='word_1_181' title='bbox 1401 2601 1557 2669; x_wconf 86' lang='lat' dir='ltr'>argentum</span> 
     </span>
     <span class='ocr_line' id='line_1_22' title="bbox 372 2696 782 2775; baseline -0.005 -18"><span class='ocrx_word' id='word_1_182' title='bbox 372 2707 401 2757; x_wconf 93' lang='lat' dir='ltr'>et</span> <span class='ocrx_word' id='word_1_183' title='bbox 422 2698 559 2775; x_wconf 88' lang='lat' dir='ltr'>pecunias</span> <span class='ocrx_word' id='word_1_184' title='bbox 579 2696 782 2773; x_wconf 78' lang='lat' dir='ltr'>infrascriptae.</span> 
     </span>
    </p>
   </div>
   <div class='ocr_carea' id='block_1_3' title="bbox 583 3226 1347 3344">
    <p class='ocr_par' dir='ltr' id='par_1_4' title="bbox 583 3226 1347 3344">
     <span class='ocr_line' id='line_1_23' title="bbox 583 3226 1347 3344; baseline -0.007 -17"><span class='ocrx_word' id='word_1_185' title='bbox 583 3226 787 3330; x_wconf 68' lang='lat' dir='ltr'>tredecima</span> <span class='ocrx_word' id='word_1_186' title='bbox 813 3252 985 3325; x_wconf 85' lang='lat' dir='ltr'>sexannali</span> <span class='ocrx_word' id='word_1_187' title='bbox 1012 3255 1045 3324; x_wconf 92' lang='lat' dir='ltr'>in</span> <span class='ocrx_word' id='word_1_188' title='bbox 1070 3252 1190 3344; x_wconf 84' lang='lat' dir='ltr'>Regno</span> <span class='ocrx_word' id='word_1_189' title='bbox 1216 3248 1347 3323; x_wconf 86' lang='lat' dir='ltr'>Suecie.</span> 
     </span>
    </p>
   </div>
   <div class='ocr_carea' id='block_1_4' title="bbox 369 3424 1559 3912">
    <p class='ocr_par' dir='ltr' id='par_1_5' title="bbox 369 3424 1559 3795">
     <span class='ocr_line' id='line_1_24' title="bbox 453 3424 1559 3503; baseline -0.002 -15"><span class='ocrx_word' id='word_1_190' title='bbox 453 3431 541 3488; x_wconf 83' lang='lat' dir='ltr'>Anno</span> <span class='ocrx_word' id='word_1_191' title='bbox 563 3428 613 3486; x_wconf 81' lang='lat' dir='ltr'>dr‘ri</span> <span class='ocrx_word' id='word_1_192' title='bbox 635 3436 684 3486; x_wconf 71' lang='lat' dir='ltr'>‚mt</span> <span class='ocrx_word' id='word_1_193' title='bbox 707 3436 770 3488; x_wconf 73' lang='lat' dir='ltr'>cccl</span> <span class='ocrx_word' id='word_1_194' title='bbox 793 3427 892 3503; x_wconf 81' lang='lat' dir='ltr'>xxxiij.</span> <span class='ocrx_word' id='word_1_195' title='bbox 921 3427 966 3484; x_wconf 90' lang='lat' dir='ltr'>die</span> <span class='ocrx_word' id='word_1_196' title='bbox 996 3445 1073 3485; x_wconf 71' lang='lat' dir='ltr'>‚xxa</span> <span class='ocrx_word' id='word_1_197' title='bbox 1105 3425 1212 3483; x_wconf 89' lang='lat' dir='ltr'>mensis</span> <span class='ocrx_word' id='word_1_198' title='bbox 1245 3424 1363 3502; x_wconf 86' lang='lat' dir='ltr'>Aprilis.</span> <span class='ocrx_word' id='word_1_199' title='bbox 1393 3426 1503 3503; x_wconf 85' lang='lat' dir='ltr'>Recepi</span> <span class='ocrx_word' id='word_1_200' title='bbox 1539 3447 1559 3486; x_wconf 89' lang='lat' dir='ltr'>a</span> 
     </span>
     <span class='ocr_line' id='line_1_25' title="bbox 370 3521 1558 3607; baseline -0.003 -17"><span class='ocrx_word' id='word_1_201' title='bbox 370 3533 428 3590; x_wconf 79' lang='lat' dir='ltr'>dno</span> <span class='ocrx_word' id='word_1_202' title='bbox 450 3530 560 3590; x_wconf 89' lang='lat' dir='ltr'>Boecio</span> <span class='ocrx_word' id='word_1_203' title='bbox 581 3530 729 3607; x_wconf 88' lang='lat' dir='ltr'>Episcopo</span> <span class='ocrx_word' id='word_1_204' title='bbox 761 3529 946 3587; x_wconf 84' lang='lat' dir='ltr'>Vexionensi.</span> <span class='ocrx_word' id='word_1_205' title='bbox 968 3547 1021 3604; x_wconf 91' lang='lat' dir='ltr'>per</span> <span class='ocrx_word' id='word_1_206' title='bbox 1043 3547 1144 3587; x_wconf 90' lang='lat' dir='ltr'>manus</span> <span class='ocrx_word' id='word_1_207' title='bbox 1165 3528 1288 3586; x_wconf 76' lang='lat' dir='ltr'>dirorum</span> <span class='ocrx_word' id='word_1_208' title='bbox 1308 3521 1460 3604; x_wconf 78' lang='lat' dir='ltr'>Jngemtri</span> <span class='ocrx_word' id='word_1_209' title='bbox 1482 3526 1558 3586; x_wconf 89' lang='lat' dir='ltr'>Pre-</span> 
     </span>
     <span class='ocr_line' id='line_1_26' title="bbox 369 3629 1559 3712; baseline -0.004 -20"><span class='ocrx_word' id='word_1_210' title='bbox 369 3633 455 3712; x_wconf 86' lang='lat' dir='ltr'>positi</span> <span class='ocrx_word' id='word_1_211' title='bbox 487 3630 615 3694; x_wconf 84' lang='lat' dir='ltr'>Scatalei</span> <span class='ocrx_word' id='word_1_212' title='bbox 645 3640 674 3690; x_wconf 91' lang='lat' dir='ltr'>et</span> <span class='ocrx_word' id='word_1_213' title='bbox 706 3631 841 3689; x_wconf 89' lang='lat' dir='ltr'>Thauriri</span> <span class='ocrx_word' id='word_1_214' title='bbox 874 3630 1044 3690; x_wconf 78' lang='lat' dir='ltr'>&#39;clericorum</span> <span class='ocrx_word' id='word_1_215' title='bbox 1071 3649 1189 3688; x_wconf 86' lang='lat' dir='ltr'>suorum</span> <span class='ocrx_word' id='word_1_216' title='bbox 1211 3629 1247 3687; x_wconf 90' lang='lat' dir='ltr'>de</span> <span class='ocrx_word' id='word_1_217' title='bbox 1269 3630 1382 3688; x_wconf 88' lang='lat' dir='ltr'>decima</span> <span class='ocrx_word' id='word_1_218' title='bbox 1403 3629 1559 3688; x_wconf 85' lang='lat' dir='ltr'>sexannali</span> 
     </span>
     <span class='ocr_line' id='line_1_27' title="bbox 370 3731 1433 3795; baseline -0.006 -1"><span class='ocrx_word' id='word_1_219' title='bbox 370 3735 493 3795; x_wconf 89' lang='lat' dir='ltr'>collecta</span> <span class='ocrx_word' id='word_1_220' title='bbox 513 3735 544 3793; x_wconf 92' lang='lat' dir='ltr'>in</span> <span class='ocrx_word' id='word_1_221' title='bbox 566 3732 673 3793; x_wconf 89' lang='lat' dir='ltr'>diocesi</span> <span class='ocrx_word' id='word_1_222' title='bbox 693 3733 871 3791; x_wconf 87' lang='lat' dir='ltr'>Vexionensi</span> <span class='ocrx_word' id='word_1_223' title='bbox 892 3760 934 3770; x_wconf 89' lang='lat'><em>-</em></span> <span class='ocrx_word' id='word_1_224' title='bbox 957 3732 1041 3790; x_wconf 86' lang='lat' dir='ltr'>.clxv.</span> <span class='ocrx_word' id='word_1_225' title='bbox 1064 3750 1152 3789; x_wconf 88' lang='lat' dir='ltr'>marc.</span> <span class='ocrx_word' id='word_1_226' title='bbox 1173 3732 1238 3789; x_wconf 89' lang='lat' dir='ltr'>den.</span> <span class='ocrx_word' id='word_1_227' title='bbox 1261 3731 1433 3792; x_wconf 86' lang='lat' dir='ltr'>Sueuorum.</span> 
     </span>
    </p>

    <p class='ocr_par' dir='ltr' id='par_1_6' title="bbox 685 3832 1224 3912">
     <span class='ocr_line' id='line_1_28' title="bbox 685 3832 1224 3912; baseline -0.002 -19"><span class='ocrx_word' id='word_1_228' title='bbox 685 3836 822 3912; x_wconf 74' lang='lat' dir='ltr'>&#39;Recepit</span> <span class='ocrx_word' id='word_1_229' title='bbox 837 3834 1062 3910; x_wconf 86' lang='lat' dir='ltr'>justrumentum</span> <span class='ocrx_word' id='word_1_230' title='bbox 1083 3832 1224 3892; x_wconf 85' lang='lat' dir='ltr'>Jacobus.</span> 
     </span>
    </p>
   </div>
   <div class='ocr_carea' id='block_1_5' title="bbox 370 4017 1563 4507">
    <p class='ocr_par' dir='ltr' id='par_1_7' title="bbox 370 4017 1563 4404">
     <span class='ocr_line' id='line_1_29' title="bbox 454 4017 1561 4099; baseline -0.004 -17"><span class='ocrx_word' id='word_1_231' title='bbox 454 4023 528 4082; x_wconf 89' lang='lat' dir='ltr'>Item</span> <span class='ocrx_word' id='word_1_232' title='bbox 550 4042 626 4082; x_wconf 89' lang='lat' dir='ltr'>anno</span> <span class='ocrx_word' id='word_1_233' title='bbox 648 4041 707 4099; x_wconf 93' lang='lat' dir='ltr'>quo</span> <span class='ocrx_word' id='word_1_234' title='bbox 729 4039 826 4098; x_wconf 85' lang='lat' dir='ltr'>supra.</span> <span class='ocrx_word' id='word_1_235' title='bbox 851 4021 897 4079; x_wconf 90' lang='lat' dir='ltr'>die</span> <span class='ocrx_word' id='word_1_236' title='bbox 918 4021 985 4096; x_wconf 70' lang='lat' dir='ltr'>‚iiij‘r</span> <span class='ocrx_word' id='word_1_237' title='bbox 1001 4018 1072 4094; x_wconf 88' lang='lat' dir='ltr'>Maij</span> <span class='ocrx_word' id='word_1_238' title='bbox 1093 4019 1204 4096; x_wconf 87' lang='lat' dir='ltr'>Recepi</span> <span class='ocrx_word' id='word_1_239' title='bbox 1226 4019 1313 4078; x_wconf 79' lang='lat' dir='ltr'>adr’ro</span> <span class='ocrx_word' id='word_1_240' title='bbox 1326 4019 1475 4097; x_wconf 80' lang='lat' dir='ltr'>Episcopo</span> <span class='ocrx_word' id='word_1_241' title='bbox 1484 4017 1561 4078; x_wconf 86' lang='lat' dir='ltr'>Lin-</span> 
     </span>
     <span class='ocr_line' id='line_1_30' title="bbox 370 4118 1561 4203; baseline -0.004 -19"><span class='ocrx_word' id='word_1_242' title='bbox 370 4126 486 4202; x_wconf 89' lang='lat' dir='ltr'>copensi</span> <span class='ocrx_word' id='word_1_243' title='bbox 518 4144 571 4203; x_wconf 87' lang='lat' dir='ltr'>per</span> <span class='ocrx_word' id='word_1_244' title='bbox 602 4143 704 4183; x_wconf 87' lang='lat' dir='ltr'>manua</span> <span class='ocrx_word' id='word_1_245' title='bbox 735 4125 858 4183; x_wconf 67' lang='lat' dir='ltr'>dirorum</span> <span class='ocrx_word' id='word_1_246' title='bbox 889 4122 1032 4182; x_wconf 84' lang='lat' dir='ltr'>Johannis</span> <span class='ocrx_word' id='word_1_247' title='bbox 1063 4120 1279 4196; x_wconf 89' lang='lat' dir='ltr'>Archidyaconi</span> <span class='ocrx_word' id='word_1_248' title='bbox 1309 4129 1339 4178; x_wconf 92' lang='lat' dir='ltr'>et</span> <span class='ocrx_word' id='word_1_249' title='bbox 1371 4118 1476 4178; x_wconf 88' lang='lat' dir='ltr'>Karoli</span> <span class='ocrx_word' id='word_1_250' title='bbox 1506 4121 1561 4179; x_wconf 88' lang='lat' dir='ltr'>de-</span> 
     </span>
     <span class='ocr_line' id='line_1_31' title="bbox 370 4221 1563 4303; baseline -0.003 -17"><span class='ocrx_word' id='word_1_251' title='bbox 370 4229 435 4286; x_wconf 89' lang='lat' dir='ltr'>cani</span> <span class='ocrx_word' id='word_1_252' title='bbox 457 4227 579 4287; x_wconf 89' lang='lat' dir='ltr'>ecclesie</span> <span class='ocrx_word' id='word_1_253' title='bbox 599 4227 788 4303; x_wconf 90' lang='lat' dir='ltr'>Lincopensis</span> <span class='ocrx_word' id='word_1_254' title='bbox 810 4227 846 4284; x_wconf 92' lang='lat' dir='ltr'>de</span> <span class='ocrx_word' id='word_1_255' title='bbox 869 4225 981 4284; x_wconf 86' lang='lat' dir='ltr'>decima</span> <span class='ocrx_word' id='word_1_256' title='bbox 1013 4222 1162 4282; x_wconf 87' lang='lat' dir='ltr'>sexannali</span> <span class='ocrx_word' id='word_1_257' title='bbox 1195 4221 1314 4281; x_wconf 80' lang='lat' dir='ltr'>testanti</span> <span class='ocrx_word' id='word_1_258' title='bbox 1346 4240 1398 4280; x_wconf 90' lang='lat' dir='ltr'>seu</span> <span class='ocrx_word' id='word_1_259' title='bbox 1432 4221 1563 4282; x_wconf 87' lang='lat' dir='ltr'>collecta</span> 
     </span>
     <span class='ocr_line' id='line_1_32' title="bbox 370 4325 1275 4404; baseline -0.004 -18"><span class='ocrx_word' id='word_1_260' title='bbox 370 4329 399 4386; x_wconf 89' lang='lat' dir='ltr'>in</span> <span class='ocrx_word' id='word_1_261' title='bbox 421 4328 530 4388; x_wconf 90' lang='lat' dir='ltr'>diocesi</span> <span class='ocrx_word' id='word_1_262' title='bbox 552 4330 726 4404; x_wconf 85' lang='lat' dir='ltr'>Lincopensi</span> <span class='ocrx_word' id='word_1_263' title='bbox 748 4358 788 4367; x_wconf 92' lang='lat'><em>-</em></span> <span class='ocrx_word' id='word_1_264' title='bbox 811 4327 882 4403; x_wconf 91' lang='lat' dir='ltr'>.cclj.</span> <span class='ocrx_word' id='word_1_265' title='bbox 906 4346 993 4385; x_wconf 90' lang='lat' dir='ltr'>marc.</span> <span class='ocrx_word' id='word_1_266' title='bbox 1016 4327 1080 4384; x_wconf 89' lang='lat' dir='ltr'>den.</span> <span class='ocrx_word' id='word_1_267' title='bbox 1103 4325 1275 4386; x_wconf 86' lang='lat' dir='ltr'>Suanorum.</span> 
     </span>
    </p>

    <p class='ocr_par' dir='ltr' id='par_1_8' title="bbox 698 4427 1224 4507">
     <span class='ocr_line' id='line_1_33' title="bbox 698 4427 1224 4507; baseline -0.01 -18"><span class='ocrx_word' id='word_1_268' title='bbox 698 4430 822 4507; x_wconf 88' lang='lat' dir='ltr'>Recepit</span> <span class='ocrx_word' id='word_1_269' title='bbox 836 4430 1062 4505; x_wconf 89' lang='lat' dir='ltr'>justrumentum</span> <span class='ocrx_word' id='word_1_270' title='bbox 1084 4427 1224 4486; x_wconf 75' lang='lat' dir='ltr'>lacobus.</span> 
     </span>
    </p>
   </div>
   <div class='ocr_carea' id='block_1_6' title="bbox 370 4618 1564 4913">
    <p class='ocr_par' dir='ltr' id='par_1_9' title="bbox 370 4618 1564 4913">
     <span class='ocr_line' id='line_1_34' title="bbox 452 4618 1562 4711; baseline -0.005 -19"><span class='ocrx_word' id='word_1_271' title='bbox 452 4635 525 4692; x_wconf 90' lang='lat' dir='ltr'>Item</span> <span class='ocrx_word' id='word_1_272' title='bbox 548 4654 624 4692; x_wconf 88' lang='lat' dir='ltr'>anno</span> <span class='ocrx_word' id='word_1_273' title='bbox 646 4654 705 4711; x_wconf 93' lang='lat' dir='ltr'>quo</span> <span class='ocrx_word' id='word_1_274' title='bbox 726 4653 823 4711; x_wconf 89' lang='lat' dir='ltr'>supra.</span> <span class='ocrx_word' id='word_1_275' title='bbox 847 4632 893 4690; x_wconf 92' lang='lat' dir='ltr'>die</span> <span class='ocrx_word' id='word_1_276' title='bbox 914 4653 950 4691; x_wconf 89' lang='lat' dir='ltr'>.v.</span> <span class='ocrx_word' id='word_1_277' title='bbox 973 4631 1078 4690; x_wconf 90' lang='lat' dir='ltr'>mensis</span> <span class='ocrx_word' id='word_1_278' title='bbox 1098 4629 1179 4704; x_wconf 87' lang='lat' dir='ltr'>Junij</span> <span class='ocrx_word' id='word_1_279' title='bbox 1196 4628 1306 4705; x_wconf 90' lang='lat' dir='ltr'>Recepi</span> <span class='ocrx_word' id='word_1_280' title='bbox 1317 4646 1338 4686; x_wconf 85' lang='lat' dir='ltr'>a·</span> <span class='ocrx_word' id='word_1_281' title='bbox 1347 4627 1405 4684; x_wconf 75' lang='lat' dir='ltr'>dno</span> <span class='ocrx_word' id='word_1_282' title='bbox 1416 4618 1562 4687; x_wconf 62' lang='lat' dir='ltr'>&lt;Iohanne</span> 
     </span>
     <span class='ocr_line' id='line_1_35' title="bbox 370 4729 1564 4811; baseline -0.004 -17"><span class='ocrx_word' id='word_1_283' title='bbox 370 4737 584 4811; x_wconf 87' lang='lat' dir='ltr'>archidyacono</span> <span class='ocrx_word' id='word_1_284' title='bbox 607 4736 780 4811; x_wconf 90' lang='lat' dir='ltr'>Lincopensi</span> <span class='ocrx_word' id='word_1_285' title='bbox 804 4754 841 4793; x_wconf 85' lang='lat' dir='ltr'>ex</span> <span class='ocrx_word' id='word_1_286' title='bbox 861 4745 944 4811; x_wconf 87' lang='lat' dir='ltr'>parte</span> <span class='ocrx_word' id='word_1_287' title='bbox 966 4749 1153 4811; x_wconf 88' lang='lat' dir='ltr'>personarum</span> <span class='ocrx_word' id='word_1_288' title='bbox 1185 4729 1445 4788; x_wconf 90' lang='lat' dir='ltr'>ecclesiasticarum</span> <span class='ocrx_word' id='word_1_289' title='bbox 1478 4734 1564 4789; x_wconf 77' lang='lat' dir='ltr'>terre</span> 
     </span>
     <span class='ocr_line' id='line_1_36' title="bbox 370 4810 1563 4913; baseline -0.007 -15"><span class='ocrx_word' id='word_1_290' title='bbox 370 4837 530 4898; x_wconf 83' lang='lat' dir='ltr'>Gotlandie</span> <span class='ocrx_word' id='word_1_291' title='bbox 551 4837 672 4896; x_wconf 88' lang='lat' dir='ltr'>diocesis</span> <span class='ocrx_word' id='word_1_292' title='bbox 694 4836 883 4913; x_wconf 87' lang='lat' dir='ltr'>Lincopensis</span> <span class='ocrx_word' id='word_1_293' title='bbox 904 4846 965 4895; x_wconf 88' lang='lat' dir='ltr'>tam</span> <span class='ocrx_word' id='word_1_294' title='bbox 988 4835 1024 4892; x_wconf 89' lang='lat' dir='ltr'>de</span> <span class='ocrx_word' id='word_1_295' title='bbox 1046 4833 1157 4892; x_wconf 90' lang='lat' dir='ltr'>decima</span> <span class='ocrx_word' id='word_1_296' title='bbox 1175 4830 1324 4892; x_wconf 86' lang='lat' dir='ltr'>sexannali</span> <span class='ocrx_word' id='word_1_297' title='bbox 1335 4810 1455 4889; x_wconf 82' lang='lat' dir='ltr'>restanti</span> <span class='ocrx_word' id='word_1_298' title='bbox 1468 4826 1563 4904; x_wconf 82' lang='lat' dir='ltr'>quam</span> 
     </span>
    </p>
   </div>
   <div class='ocr_carea' id='block_1_7' title="bbox 0 0 1810 5625">
    <p class='ocr_par' dir='ltr' id='par_1_10' title="bbox 0 0 1810 5625">
     <span class='ocr_line' id='line_1_37' title="bbox 0 0 1810 5625; baseline 0 0"><span class='ocrx_word' id='word_1_299' title='bbox 0 0 1810 5625; x_wconf 95' lang='lat' dir='ltr'> </span> 
     </span>
    </p>
   </div>
  </div>
 </body>
</html>
