3584 5625
864 503 921 562 191

295 688 391 739 nuncio
409 687 521 752 aliquam
537 684 653 737 iecerunt
681 685 812 737 racionem
831 686 870 736 de
900 684 1020 750 predictis
1044 684 1077 734 de
1100 680 1192 747 quibus
1214 676 1346 744 siquidem,
1368 680 1490 740 quatuor·

297 772 379 823 decim
397 772 506 822 marchis
524 771 623 835 argenti
641 777 667 821 et
682 786 777 822 nonem
795 770 905 821 marchis
924 770 991 820 dicte
1007 774 1118 830 monete,
1136 764 1255 832 ponderis
1279 760 1426 827 supradicti,
1444 774 1490 826 per

295 857 379 921 ipsum
398 855 528 906 dominum
554 856 676 907 nuncium
701 857 802 908 nomine
821 854 918 906 domini
934 854 1017 906 nostri
1034 868 1100 920 pape
1118 860 1144 904 et
1160 852 1277 904 Romane
1295 847 1401 899 ecclesie
1418 846 1490 896 habi·

298 941 331 990 tis
350 947 376 990 et
392 942 509 1006 receptis,
526 943 610 1007 ipsum
638 942 768 993 domiuum
795 940 943 1007 episcopum
965 940 1151 1005 lincopensem
1173 944 1199 989 et
1216 935 1351 987 ecclesiam
1369 948 1442 983 suam
1459 946 1490 982 ac

297 1040 387 1076 omnes
405 1026 471 1076 alios
489 1042 595 1090 quorum
612 1028 719 1079 interest
740 1028 843 1078 nominc
869 1025 965 1077 domini
982 1026 1064 1076 nostri
1092 1038 1158 1090 pape
1184 1028 1210 1073 et
1237 1021 1354 1073 Romans
1383 1017 1489 1070 ecclesie

298 1111 377 1162 soluit
393 1113 494 1176 penitus
512 1120 538 1163 et
555 1113 675 1177 quittauit
692 1114 822 1177 requirens
838 1127 879 1162 me
897 1112 1025 1162 notarium
1045 1108 1235 1174 inirascriptum
1262 1106 1345 1157 dictus
1371 1104 1489 1155 dominus

297 1197 406 1247 nuncius
424 1204 452 1247 vt
468 1197 499 1247 de
516 1197 636 1261 predictis
654 1198 705 1249 duc
722 1195 833 1248 iacerem
846 1197 983 1247 consimilis
996 1195 1091 1246 tenoris
1103 1194 1206 1261 publica
1218 1192 1398 1257 jnstruments„
1421 1187 1491 1238 Acta

298 1289 359 1332 sunt
376 1282 424 1331 hec
442 1281 526 1333 Souris
543 1283 571 1332 in
588 1284 664 1333 domo
682 1283 878 1346 predicatorum,
896 1297 964 1333 anno
989 1287 1016 1333 et
1041 1282 1081 1331 die
1099 1280 1190 1344 quibus
1216 1292 1301 1343 supra,
1329 1274 1489 1341 presentibus

299 1367 414 1417 discretis
431 1368 500 1429 viris,
518 1368 620 1418 domino
638 1367 716 1419 Petro
726 1367 879 1431 Strangonis
897 1367 1022 1418 canonico
1034 1366 1142 1419 ecclesie
1152 1362 1341 1424 Rosirildensis,
1350 1367 1376 1411 et
1387 1359 1488 1410 Jacobo

299 1452 331 1501 de
348 1451 462 1502 Eusebio
481 1452 512 1503 de
529 1452 640 1517 Bugella
657 1452 932 1504 elericoVercellensis
945 1452 1051 1503 diocesis
1063 1453 1217 1503 auctoritate
1229 1448 1373 1515 apostolice
1388 1443 1489 1496 noterio

297 1536 403 1601 publico
421 1538 455 1587 ad
471 1538 596 1603 premissa
612 1540 712 1591 uocatis
731 1539 876 1606 specialiter
892 1545 919 1589 et
935 1537 1041 1602 rogatis.

367 1620 403 1671 Et
420 1637 468 1686 ego
485 1622 616 1675 Johaunes
633 1623 752 1675 Nioholai
769 1625 877 1676 clericus
894 1624 1037 1675 Lundensis
1049 1622 1202 1674 auctoritate
1214 1618 1357 1686 apostolica
1373 1619 1489 1670 notanus

299 1707 416 1771 publicus
433 1711 562 1773 premissis
580 1711 697 1761 omnibus
714 1726 765 1761 rna
783 1726 841 1761 cum
857 1708 1041 1775 prenominatis
1063 1710 1171 1760 testibus
1193 1705 1361 1771 personaliter
1386 1720 1489 1772 presens

299 1791 404 1843 interlui
422 1801 447 1845 et
464 1797 497 1845 ed
509 1795 702 1859 requisicionem
714 1797 840 1846 dictorum
852 1797 1014 1847 dominorum
1026 1795 1208 1859 archidyaconi
1225 1799 1253 1843 et
1269 1791 1358 1843 decani
1384 1804 1490 1856 presens

299 1878 645 1943 publicnmjnstrumentnm
663 1882 752 1947 scripsi
770 1882 839 1932 etin
861 1882 929 1932 hanc
954 1881 1083 1946 publicam
1108 1880 1218 1932 sormam
1242 1877 1330 1941 redegi
1355 1891 1406 1926 vna
1432 1890 1490 1926 cum

299 1965 455 2029 appensione
472 1966 550 2032 sigilli
568 1966 630 2019 dicti
655 1966 753 2018 domini
775 1966 861 2031 nuncij
890 1967 1013 2033 signoque
1039 1981 1097 2019 meo
1124 1966 1200 2019 solito
1226 1962 1327 2030 signaui
1353 1960 1489 2025 requisitus

299 2055 326 2100 et
341 2058 454 2115 rogetus.

735 2132 795 2183 illitu
808 2136 857 2187 Dipl.
872 2136 927 2177 Svee.
941 2138 976 2178 ilo.
989 2131 1055 2183 2909).

705 2363 754 2423 86.
800 2364 889 2425 1338.
934 2364 983 2423 tte
1004 2361 1085 2422 Juni.

366 2476 402 2527 Jn
410 2475 512 2527 nomine
521 2476 616 2527 domini
627 2491 710 2528 amen.
731 2476 859 2531 Nouerint
867 2480 979 2530 uniuersi
986 2480 1036 2530 hoc
1041 2477 1242 2543 instrumentum
1250 2475 1489 2542 publicumjnspsc-

298 2561 357 2622 turi,
370 2562 438 2625 quod
456 2577 523 2613 anno
543 2562 645 2613 domini.
664 2574 703 2624 m0,
725 2575 782 2625 οοοο,
802 2564 904 2629 xxxtijo,
926 2564 967 2615 die
984 2566 1074 2629 quinta
1089 2562 1184 2614 mensis
1204 2561 1284 2625 Junij.
1319 2561 1489 2614 Pontificatus

298 2647 450 2698 sanctissimi
467 2648 547 2713 patris
564 2655 590 2699 et
608 2648 704 2699 domini
720 2649 801 2700 nostri
819 2650 916 2701 domini
925 2649 1052 2701 Johannis
1065 2649 1152 2700 diuina
1160 2648 1325 2714 prouideucia
1334 2662 1400 2713 pape
1415 2645 1489 2710 xxij.

298 2747 367 2782 anno
385 2732 461 2796 ‚xvijq
478 2731 621 2798 jndiotione
636 2736 727 2800 prima,
744 2735 771 2785 in
787 2735 921 2801 presencia
937 2733 1029 2798 notarij
1041 2729 1097 2796 [etc.
1107 2732 1233 2785 romiNo.
1245 2729 1329 2796 torti]
1339 2731 1491 2798 recognocit

298 2834 326 2869 se
342 2818 468 2883 recepisse
486 2826 512 2870 et
529 2820 648 2873 habuisse
666 2838 682 2872 a
698 2822 837 2873 venerabili
853 2822 909 2873 uiro
929 2821 1031 2873 domino
1041 2821 1161 2873 Johanne
1179 2821 1368 2885 archidyacono
1382 2821 1489 2871 ecclesie

296 2903 472 2968 Lineopensis,
490 2919 523 2956 ex
540 2913 613 2971 parte
630 2921 796 2972 personarum
814 2906 1044 2959 ecclesiasticarum
1061 2915 1127 2958 terre
1145 2905 1284 2959 Gotiandie
1302 2905 1411 2958 diocesis
1428 2905 1489 2957 Lin-

297 2989 415 3056 copensis
432 2991 554 3044 ducentos
572 2993 708 3057 sexaginta
726 3000 837 3059 quatuor
853 2994 965 3045 florenos
983 3009 1077 3060 paruos
1104 2993 1160 3045 ouri
1177 3000 1203 3044 et
1219 3007 1297 3043 vnum
1314 2992 1440 3045 florenum
1458 2993 1489 3044 de

297 3090 390 3138 messe,
405 3073 471 3140 jtem
488 3092 534 3129 sex
552 3078 649 3131 solidos
667 3095 726 3131 eum
743 3086 854 3145 quatuor
871 3077 983 3143 denarijs
1002 3093 1150 3144 grossorum
1166 3078 1358 3130 Turonensium
1381 3078 1489 3143 argenti,

298 3167 324 3210 et
341 3161 403 3211 duas
421 3162 499 3212 libras
512 3177 571 3212 cum
583 3164 738 3228 dimidiare
755 3181 805 3217 vno
824 3166 908 3218 solido
925 3165 1116 3230 sterlingorum,
1128 3164 1252 3216 collectos
1271 3172 1325 3214 tam
1342 3165 1374 3215 de
1392 3171 1489 3215 restan-

297 3247 373 3310 tibus,
391 3249 422 3298 dc
440 3248 539 3299 decime
556 3249 688 3300 sexeunsli
706 3264 783 3314 quam
806 3252 837 3301 de
861 3250 985 3302 lructibus
1008 3250 1190 3301 beneficiorum
1216 3250 1312 3299 dudum
1340 3249 1490 3300 vacancium

297 3347 342 3397 per
358 3333 488 3382 biennium
505 3334 532 3383 in
550 3333 618 3384 dicta
636 3341 704 3384 terra
725 3332 872 3397 Gotlandie,
889 3335 961 3386 nulla
979 3343 1065 3387 tamen
1083 3337 1164 3385 eidem
1182 3334 1286 3386 domino
1307 3336 1400 3386 nuncio
1417 3335 1488 3386 racio

296 3416 367 3468 facta
383 3417 433 3468 iuit
449 3432 495 3469 seu
508 3425 643 3483 compotus
661 3420 692 3470 de
710 3418 836 3485 predictis,
855 3421 886 3470 de
913 3420 1003 3484 quibus
1021 3421 1146 3484 siquidem
1163 3418 1290 3483 cclxiiijp
1303 3419 1405 3471 florenis
1429 3435 1488 3485 par·

297 3503 337 3552 uis
355 3503 411 3552 ouri
429 3510 455 3554 et
471 3518 522 3554 vno
540 3503 637 3554 floreno
655 3491 687 3555 de
704 3520 799 3568 massa,
817 3520 848 3556 ac
866 3506 898 3555 de
915 3519 962 3555 sex
979 3502 1068 3557 solidis
1086 3519 1117 3555 ac
1135 3512 1245 3569 quatuor
1262 3505 1373 3569 denariJs
1386 3521 1488 3571 grosso-

297 3603 354 3637 rum
371 3587 559 3641 Turonensium
576 3589 677 3654 argenti
693 3597 719 3640 et
736 3591 835 3642 duabus
852 3590 923 3640 libris
941 3603 1000 3640 cum
1022 3590 1126 3640 dimidia
1149 3606 1180 3641 ac
1204 3605 1254 3642 vno
1281 3591 1372 3655 solido,
1389 3593 1489 3644 sterlin-

296 3690 388 3739 gorum
405 3690 450 3741 per
466 3677 550 3740 ipsum
567 3675 699 3726 domiuum
715 3676 836 3727 nuncium
860 3675 962 3726 nomine
992 3675 1088 3726 domini
1113 3676 1195 3726 nostri
1222 3690 1288 3742 pape
1318 3684 1344 3728 et
1372 3679 1489 3731 Romane

296 3761 404 3811 ecclesie
432 3760 526 3812 habitis
551 3770 578 3813 et
602 3761 719 3826 receptis,
744 3762 828 3826 ipsum
854 3762 986 3812 dominnm
1014 3761 1230 3827 archidyaconum
1255 3769 1282 3813 et
1307 3779 1394 3816 omues
1423 3765 1488 3816 alios

297 3860 405 3910 quorum
421 3846 529 3897 interest
547 3843 600 3909 [etc.
619 3864 668 3898 som
686 3846 697 3896 i
712 3844 761 3898 No.
780 3846 816 3898 85
834 3841 873 3909 til]
891 3846 995 3912 publica
1013 3846 1193 3911 jnstrumenta.
1227 3846 1324 3899 Actum
1349 3856 1376 3900 et
1401 3851 1488 3901 datum

297 3931 381 3984 Scaris
399 3933 425 3983 in
443 3934 522 3983 domo
539 3931 737 3998 predicatorum,
755 3948 822 3984 anuo
841 3941 868 3983 et
885 3933 925 3983 die
943 3932 1035 3996 quibus
1053 3949 1138 3999 supra,
1157 3933 1317 3998 presentibus
1338 3935 1488 3986 venerabiii-

296 4019 344 4069 bus
362 4018 420 4069 viris
439 4017 555 4080 dominis,
574 4017 673 4069 Karoio
691 4020 788 4069 decano
806 4016 1088 4083 ecciesieLincopeusis
1104 4018 1183 4070 Petro
1196 4017 1349 4084 Strangonis
1361 4021 1487 4072 canonico

295 4104 461 4155 Roshiidsnsi
478 4111 505 4155 et
522 4104 623 4155 Jacobo
642 4105 673 4154 de
690 4102 804 4154 Eusebio
821 4103 853 4153 dc
870 4103 983 4168 Bugella
999 4103 1171 4156 vercellensis
1196 4104 1303 4156 morosis
1333 4106 1487 4158 auctoritate

296 4191 439 4254 apostoliea
456 4190 558 4241 notario
576 4189 680 4255 publico
698 4189 804 4240 testibus
823 4185 924 4240 adhoc
940 4191 1042 4241 uocatis
1060 4197 1086 4241 et
1103 4191 1207 4255 rogatis.

364 4276 399 4327 lit
417 4291 466 4340 ego
485 4275 618 4327 iohannes
634 4274 754 4326 Nicholai
771 4274 879 4326 clericus
896 4273 1039 4326 Lundensis
1065 4276 1217 4328 auctoritate
1240 4277 1385 4341 apostoliea
1407 4284 1487 4328 nota-

296 4364 348 4411 rius
366 4359 484 4425 publicus
510 4360 638 4426 premissis
664 4361 781 4412 omnibns
809 4374 860 4411 rna
886 4375 945 4412 curn
970 4360 1154 4426 prenominatis
1184 4361 1291 4413 testibus
1317 4362 1488 4426 personaliter

295 4462 399 4513 presens
416 4444 520 4497 interfui
538 4453 564 4496 et
581 4447 614 4496 ad
631 4446 826 4511 requisicionem
843 4445 905 4496 dicti
923 4444 1019 4496 domini
1036 4445 1217 4512 archidyaconi
1228 4448 1392 4514 hocpresens
1403 4447 1487 4514 publi·

297 4548 355 4584 cum
369 4535 570 4598 justrumentum
588 4531 678 4596 scripsi
696 4526 752 4594 [ete.
770 4547 820 4582 som
837 4530 848 4581 i
864 4528 914 4582 No.
933 4527 992 4594 86.]

731 4613 792 4665 (iiber
805 4614 854 4666 υἱοί.
869 4615 924 4658 Srac.
938 4616 973 4657 ilo.
986 4611 1053 4663 290⁰).
