3584 5625
956 495 995 554 60

380 685 505 744 florenos
525 683 596 760 aurj.
618 683 656 742 ad
677 682 817 742 rationem
841 682 929 758 .xviij.
950 682 1002 742 sol.
1024 682 1073 758 iiij.
1096 683 1160 742 den.
1190 694 1218 742 et
1249 685 1324 744 obol.
1358 684 1574 743 Turonensinm

380 804 539 863 pardorum
560 804 613 863 pro
636 784 767 861 quolibet
785 785 903 843 floreno.
926 793 954 843 et
976 785 1014 842 ad
1034 785 1176 845 rationem
1200 785 1288 862 .xxiij.
1310 787 1363 845 sol.
1380 787 1574 861 Turonpnr·

381 904 485 945 nornm
507 904 560 962 pro
582 885 712 962 quolibet
733 904 816 961 egno.
861 885 901 943 Et
932 886 974 945 sie
1007 887 1167 945 ascendunt
1200 887 1278 947 diota
1299 887 1443 964 stipendis
1465 888 1502 945 ed
1538 914 1568 924 -

381 987 421 1062 .ije
444 986 513 1060 xvij.
534 985 622 1045 libras
645 986 692 1043 .xi.
713 986 765 1045 sol.
788 985 834 1060 vij.
857 981 921 1044 den.
934 987 1221 1063 Turonparuorum.
1264 988 1415 1064 Quibusde
1431 987 1526 1047 ductis
1536 988 1574 1045 de

381 1088 459 1147 diota
479 1106 592 1146 summu
613 1088 736 1147 Restant
757 1107 802 1145 .m.
823 1087 877 1162 iiij⁰¹
900 1087 928 1146 li.
950 1088 1022 1147 libre
1045 1088 1132 1165 .xviij.
1154 1089 1237 1149 solidi
1260 1109 1296 1147 .v.
1326 1090 1433 1166 denerij
1462 1090 1575 1148 Turon.

379 1207 546 1266 pardorum.
590 1184 694 1261 [Quom
714 1208 844 1248 mmmom
862 1191 1007 1265 recepimus
1027 1193 1055 1247 in
1076 1197 1180 1249 moneto
1203 1191 1343 1251 Norioona
1362 1237 1369 1251 .
1391 1237 1398 1251 .
1418 1235 1424 1249 .
1445 1213 1464 1250 n
1483 1234 1489 1247 .
1511 1187 1574 1248 ..¹.

558 1310 601 1347 .m.
624 1292 682 1365 sipi
704 1293 771 1366 eibj.
791 1308 872 1349 more.
893 1290 938 1363 vij.
958 1311 1017 1349 one.
1042 1311 1128 1367 paruo
1159 1302 1260 1351 monete
1292 1292 1435 1353 Norioane.

558 1394 590 1432 .v.
613 1376 674 1433 dero.
700 1376 799 1435 Turon.
817 1377 922 1451 paruit.

424 1466 431 1480 ⁴
465 1476 583 1552 Simulo
603 1477 717 1535 merobis
734 1496 788 1552 pro
811 1480 873 1551 .mj.
893 1479 987 1536 solides
1012 1478 1111 1536 Turon.
1130 1499 1279 1555 pmuorum
1295 1476 1470 1556 consputatid.

549 1577 670 1639 Summa
693 1564 877 1638 Summarum
901 1579 1096 1655 predictarum
1125 1600 1318 1657 expensarum
1348 1582 1488 1640 laetarum
1522 1601 1575 1658 per

465 1700 517 1739 nos
538 1680 656 1739 irenem
678 1679 843 1739 Johannem
866 1680 903 1737 de
925 1679 1035 1740 Serone
1057 1690 1086 1739 et
1106 1681 1140 1739 B.
1164 1683 1199 1741 de
1224 1682 1341 1743 Ortolis.
1360 1682 1574 1758 comprehensis

464 1780 614 1856 stipendijs
636 1780 740 1839 nostris
762 1780 840 1838 ultre
861 1789 890 1838 et
911 1791 1008 1858 preter
1039 1801 1182 1842 summam
1208 1794 1355 1860 receptam
1389 1784 1425 1841 de
1458 1801 1573 1843 edmero

464 1902 551 1959 snpra
573 1890 780 1959 computatam,
802 1891 845 1940 est

423 2007 428 2017 ·
507 1983 585 2042 .xlix.
606 1984 669 2041 flor.
692 2002 758 2041 oum
780 1982 899 2042 dimidio
920 1984 991 2042 euri.

507 2084 563 2161 .xij.
584 2083 647 2144 libr.
670 2084 728 2143 xvi.
750 2083 804 2143 sol.
824 2103 852 2142 x.
875 2085 939 2142 den.
964 2104 1030 2144 enm
1052 2086 1150 2144 dimid.
1172 2088 1283 2145 Turon.
1305 2104 1429 2163 grossor.

506 2205 551 2245 .m.
574 2187 618 2244 ixt
639 2186 681 2243 vi.
703 2205 790 2246 mero.
812 2186 849 2262 iij.
873 2206 938 2246 vno.
959 2196 1076 2247 monete
1096 2187 1251 2247 Norieene.

507 2289 556 2346 .ix.
576 2288 639 2346 libr.
661 2308 690 2346 x.
712 2289 764 2347 sol
786 2288 928 2347 Parisien.

509 2410 545 2449 .v.
570 2391 635 2450 den.
657 2391 768 2449 Turon.
789 2409 958 2467 pardorum.

464 2488 598 2569 ²Quibus
619 2492 752 2569 expensis
775 2490 906 2551 deductis
928 2492 964 2551 de
986 2511 1098 2551 summa
1125 2494 1254 2569 Recepto
1280 2491 1485 2569 suprascripte.
1518 2513 1573 2570 per

379 2596 496 2654 modum
518 2594 760 2670 infrascriptum,
782 2592 918 2653 videlieet
939 2594 1071 2654 deductis
1095 2594 1195 2671 ‚xxiiii
1214 2592 1278 2652 libr.
1296 2593 1335 2652 ix
1358 2593 1411 2653 sol.
1433 2594 1481 2670 vij.
1505 2595 1595 2657 dem·

380 2715 446 2755 oum
467 2695 563 2753 dimid.
585 2677 788 2771 sterlingorum
810 2714 863 2772 pro
887 2694 952 2771 xiij.
975 2695 1037 2754 libr.
1055 2693 1095 2771 iij.
1116 2696 1168 2753 sol.
1190 2703 1218 2753 et
1240 2693 1277 2769 .ij.
1296 2694 1361 2752 den.
1384 2713 1451 2754 eum
1473 2695 1572 2755 dimid.

380 2798 451 2858 Tur.
462 2818 551 2875 gross.
563 2798 630 2875 plus
641 2797 774 2873 expensis
785 2816 873 2874 quam
884 2797 1018 2875 receptis,
1030 2797 1226 2873 computando
1243 2795 1373 2871 singulos
1388 2814 1505 2872 grossos
1515 2817 1572 2874 pro

380 2900 429 2976 .iij.
441 2900 565 2976 denarijs
586 2898 739 2975 sterlingis‚
759 2908 787 2957 et
809 2899 941 2959 deductis
963 2901 1054 2959 eciam
1077 2907 1144 2957 ooto
1161 2898 1241 2958 libris
1253 2917 1288 2956 .v.
1302 2899 1354 2956 sol.
1366 2898 1572 2974 sterlingorum

379 3020 432 3078 pro
454 3002 533 3061 .xlix.
555 3000 671 3060 florenis
693 3000 755 3058 auri
789 3019 855 3061 eum
888 3001 1016 3074 dimidio,
1050 2999 1116 3076 plns
1148 3000 1283 3077 expensis
1316 3018 1403 3076 quem
1437 2989 1600 3076 reeeptis‚'

380 3085 575 3181 computando
597 3101 726 3180 singulos
745 3102 869 3160 florenos
891 3121 944 3177 pro
966 3101 1014 3176 .iij.
1036 3101 1088 3159 sol.
1109 3101 1158 3176 iiij.
1190 3103 1253 3159 den.
1287 3102 1503 3177 sterlingorum,
1536 3121 1573 3162 ac

381 3206 472 3266 eciam
494 3205 623 3264 deductis
647 3224 684 3262 .x.
705 3202 829 3262 marchis
849 3201 905 3278 .iiij.
928 3203 1019 3278 vneijs
1043 3202 1121 3279 .xiiij.
1144 3201 1267 3277 denerijs
1290 3212 1404 3261 monete
1422 3203 1573 3262 Norieene

320 3292 323 3300 Δ
380 3327 434 3384 pro
456 3308 504 3365 .ix.
527 3308 590 3366 libr.
612 3324 640 3363 x.
671 3305 723 3364 sol.
758 3303 806 3381 iiij.
836 3305 934 3362 dener.
967 3303 1174 3363 Porisienslum
1208 3305 1355 3374 debilium,
1376 3305 1575 3381 computando

380 3408 508 3486 singulas
537 3427 650 3466 mareas
678 3426 731 3483 pro
765 3405 851 3481 .xviij.
884 3405 984 3465 solidis
1015 3407 1220 3465 Parisensium.
1242 3414 1364 3481 ,restant
1396 3405 1574 3482 assignanda

382 3529 495 3569 camere
519 3529 576 3587 que
598 3489 767 3586 sequnntur.
787 3506 937 3566 videlieet:

466 3629 542 3670 .xxv.
564 3611 627 3670 libr.
650 3595 719 3686 viij?
730 3610 781 3670 sol.
802 3628 830 3666 x.
852 3609 917 3666 den.
941 3627 1008 3668 eum
1030 3609 1127 3666 dimid.
1150 3609 1362 3684 sterlingorum.

466 3712 501 3788 .ij.
514 3732 578 3772 vno.
591 3731 657 3772 oum
669 3711 766 3769 dimid.
778 3711 865 3769 vnoie
876 3719 905 3768 et
916 3711 1034 3769 dimidio
1046 3711 1165 3769 denario
1177 3711 1241 3769 nuri
1252 3712 1290 3769 ad
1301 3712 1417 3787 pondus
1430 3711 1571 3770 Auinion.

466 3813 513 3890 .ijfl.1
528 3814 590 3891 viij⁰¹
611 3814 659 3887 liij.
682 3813 798 3871 marche
821 3831 887 3871 cum
910 3806 1007 3872 dimid.
1029 3823 1143 3871 monete
1160 3812 1316 3872 Norieane.

467 3917 517 3975 .ixt
538 3916 598 3991 lvij.
620 3916 737 3973 marche
760 3914 785 3970 .i.
807 3934 873 3973 vno.
896 3915 956 3971 xix.
981 3915 1046 3974 den.
1070 3924 1184 3973 monete
1207 3914 1319 3975 Suooie.

466 4038 548 4077 .vnus
571 4017 672 4094 eiphus
695 4016 731 4072 de
753 4001 827 4075 nuee
849 4014 1037 4075 ultramarina
1060 4035 1126 4075 oum
1148 4018 1223 4092 pede
1244 4017 1363 4093 argenti.

463 4121 535 4179 Post
558 4139 615 4197 que
636 4138 712 4177 enno
734 4119 780 4194 dnj
805 4125 855 4176 ,ml
877 4126 942 4177 000⁰.
962 4119 1116 4176 xxixt⁰die
1137 4117 1328 4194 .xijttmensis
1340 4118 1468 4193 Augusti
1479 4114 1572 4193 assig-

381 4223 515 4281 nouimus
538 4240 658 4280 comere
675 4221 724 4279 dni
746 4222 836 4299 nostri
857 4240 933 4297 pepe
953 4240 1006 4297 per
1028 4240 1130 4280 munus
1151 4220 1232 4278 Petri
1256 4220 1291 4277 de
1313 4217 1438 4295 Linarijs
1460 4238 1573 4278 merou-

381 4323 452 4381 toris
474 4322 509 4379 de
538 4321 699 4392 Gordomo‚
722 4322 900 4382 caturcensis
929 4323 1060 4396 diocesis,
1093 4323 1176 4381 nobis
1207 4321 1236 4379 in
1269 4320 1347 4379 dicta
1377 4320 1574 4396 assignatione

381 4423 575 4501 presentibus:
1587 4422 1589 4427 ’

467 4524 515 4601 .ijr
533 4524 593 4601 liiij.
616 4526 740 4585 florenos
762 4527 834 4603 euri.

466 4626 583 4702 .xxxiiij.
606 4645 719 4686 marens
740 4627 777 4702 .ij.
798 4647 863 4687 vne.
880 4626 903 4702 j.
925 4634 1062 4703 quartum
1084 4625 1196 4701 argenti
1217 4625 1255 4684 ed
1275 4624 1390 4701 pondus
1412 4624 1501 4684 Auin.

421 4755 597 4809 ¹Bortvisket
613 4760 621 4808 i
640 4758 796 4823 Originelen.
836 4756 848 4785 ²
871 4759 1012 4822 IMurgen
1037 4758 1133 4821 tilan'es
1151 4759 1204 4817 her,
1223 4757 1271 4806 ved
1288 4758 1357 4807 detto
1375 4756 1474 4820 Stykko
1493 4758 1570 4822 nogle

452 4842 495 4892 len
512 4842 600 4906 Linjer
617 4842 713 4905 longer
731 4845 803 4905 node,
820 4844 879 4894 med
899 4844 948 4894 den
964 4844 1047 4894 anden
1064 4843 1169 4893 Hnond:
1189 4836 1255 4904 „ot.“
1274 4838 1314 4901 (0³
1332 4839 1451 4902 amende).
