3584 5625
948 436 989 493 44
1096 499 1102 516 ι

544 617 595 674 ‚lm
617 636 730 676 mareas
753 620 864 695 argenti
886 621 924 678 ad
945 621 1059 697 pondua
1081 612 1117 679 de
1139 620 1247 683 §kann

544 718 632 794 axiiij.
655 739 742 780 marc.
764 720 792 796 ij.
814 741 878 780 vne.
909 741 975 781 cum
1004 723 1123 781 dimidia
1155 724 1267 798 argenti
1300 724 1336 781 ad
1372 725 1487 800 pondua
1521 724 1559 782 de

585 820 750 880 Stokolmia.

545 921 660 997 ‚mxviij.
682 942 770 982 mare.
791 924 838 999 vij.
858 943 924 983 vne.
946 945 1012 983 aum
1034 925 1153 984 dimidia
1173 946 1265 1002 parua
1286 927 1408 1001 pecunie
1432 925 1558 986 Swecie.

379 1167 385 1180 .
453 1126 527 1183 Item
550 1126 585 1182 de
608 1124 710 1200 legatis
729 1136 804 1185 terre
825 1138 925 1187 sancte
947 1130 1060 1188 ibidem.

546 1224 583 1301 .ij.
606 1225 706 1285 vnciaa
728 1227 792 1310 auri
813 1230 850 1286 ad
873 1230 987 1304 pondus
1009 1231 1045 1288 de
1071 1230 1236 1291 Stokolmia.

545 1327 623 1402 .xiiij.
646 1348 734 1387 marc.
754 1329 866 1405 argenti
889 1331 927 1387 ad
947 1331 1061 1407 pondus
1083 1333 1119 1390 de
1141 1332 1306 1393 Stokolmia.

546 1428 643 1505 .xxvij.
666 1448 754 1489 marr.
776 1431 814 1507 iij.
837 1451 902 1490 rue.
924 1434 1036 1509 argenti
1058 1435 1095 1492 ad
1117 1434 1231 1510 pondus
1255 1434 1289 1490 de
1313 1434 1419 1494 Skaris.

547 1531 574 1588 .i.
597 1530 713 1606 ciphum
736 1532 772 1589 de
794 1552 868 1591 nuce
890 1532 1087 1607 ultramarina,
1109 1555 1175 1594 eum
1197 1529 1272 1611 pede
1293 1536 1411 1612 argentj.

454 1733 574 1794 Summa
596 1733 780 1794 Summarum
804 1735 931 1793 omnium
952 1746 1134 1813 receptarum
1156 1738 1185 1796 in
1207 1739 1310 1811 Regno
1333 1737 1455 1812 suecia,
1477 1748 1523 1798 eat

546 1836 601 1893 .ix0.
622 1833 710 1910 lxviij.
733 1835 850 1894 marche
870 1838 926 1912 .vij.
947 1858 1011 1897 vne.
1033 1839 1143 1915 argenti
1162 1840 1199 1898 ad
1218 1841 1331 1915 pondua
1343 1840 1378 1897 de
1390 1840 1559 1901 Stokolmie.

546 1936 587 2011 .ija
608 1936 709 2012 lxxvij.
732 1938 847 1995 marche
869 1938 916 1997 .vi.
937 1957 1002 1997 vne.
1024 1958 1089 1997 oum
1113 1940 1230 1998 dimidia
1257 1940 1377 2018 argenti.
1413 1942 1450 2000 ad
1483 1962 1557 2018 pon·

589 2037 643 2095 due
666 2039 702 2095 de
725 2038 832 2099 Skaris.

545 2140 594 2198 .vi.
617 2139 718 2197 floren'i
737 2140 809 2199 auri.

547 2243 572 2299 .i.
595 2261 694 2300 marca
715 2242 751 2318 .ij.
773 2244 857 2301 vncie
879 2242 956 2318 .xiiij.
979 2244 1043 2301 den.
1065 2243 1128 2301 auri
1150 2244 1189 2301 ad
1210 2244 1323 2319 pondus
1340 2244 1376 2301 de
1392 2242 1569 2305 Stokolinis..

546 2345 573 2401 .i.
598 2364 685 2403 marc.
708 2344 767 2419 viij.
790 2346 854 2403 den.
878 2344 950 2402 auri.
972 2345 1009 2401 ad
1030 2330 1145 2421 pondus
1167 2346 1202 2403 de
1226 2345 1333 2405 Skaris.

547 2445 621 2522 ‚iiijr
634 2446 707 2505 libre
731 2466 768 2506 .x.
790 2448 855 2504 den.
875 2446 986 2505 Turon.
1007 2465 1132 2523 gronam.
1150 2448 1262 2523 argenti
1283 2446 1360 2522 regia
1381 2447 1515 2506 Francia.
1551 2455 1554 2461 “

547 2548 613 2623 .xvj.
635 2548 720 2605 solidi
742 2548 853 2606 Turon.
874 2567 999 2624 grossor.
1021 2549 1142 2625 argenti.
1162 2548 1252 2624 Regis
1274 2548 1402 2607 Boemie.

547 2648 676 2724 .xxxviij.
698 2649 771 2707 libre
793 2649 850 2725 .xij.
872 2649 957 2709 solidi
979 2651 1025 2709 .ix.
1048 2652 1112 2709 den.
1133 2650 1261 2725 sterling.
1283 2649 1404 2724 argenti.

545 2758 591 2808 .v¹.⁰
606 2750 660 2827 iiija
682 2750 718 2826 vj.
729 2753 846 2809 marche
859 2770 896 2810 .v.
914 2754 999 2811 vnaie
1021 2752 1090 2810 .xix.
1111 2753 1175 2811 den.
1197 2771 1288 2829 parua
1308 2760 1422 2809 monete
1436 2749 1560 2811 Swaeie.

547 2853 574 2911 .i.
598 2854 699 2930 ciphua
721 2856 756 2913 de
778 2874 853 2913 nune
874 2855 1072 2926 ultramarina,
1095 2873 1161 2913 eum
1183 2854 1257 2931 pede
1280 2853 1400 2929 argenti.

453 3060 573 3121 Summa
593 3056 777 3117 Summarum
800 3058 928 3117 omnium
943 3065 1125 3135 receptarum
1136 3058 1166 3116 iu
1177 3058 1261 3116 dietis
1272 3058 1386 3115 duobus
1397 3055 1504 3132 regnis,
1516 3065 1562 3114 est

521 3160 570 3236 .vj⁰.
592 3159 652 3217 xix.
676 3161 791 3218 marche
814 3179 849 3218 .v.
871 3159 956 3218 vneie
978 3159 1025 3235 .iij.
1049 3159 1145 3236 quarti
1166 3161 1204 3217 ad
1225 3160 1339 3237 pondus
1360 3159 1527 3233 Norwegie.

521 3263 574 3320 .ixt
595 3261 684 3338 lxviij.
704 3263 820 3320 marche
843 3261 899 3336 .vij.
921 3281 986 3320 vna.
1009 3261 1129 3338 argenti.
1150 3261 1188 3332 ad
1211 3263 1324 3338 pondus
1343 3260 1379 3318 de
1391 3258 1559 3320 Stokolmis.

520 3365 561 3441 .ijt
582 3363 682 3439 lxxvij.
704 3365 820 3422 marche
842 3364 888 3421 .vi.
912 3382 975 3423 vno.
998 3383 1064 3423 eum
1086 3362 1204 3422 dimidia
1225 3364 1346 3439 argenti.
1383 3362 1421 3419 ad
1445 3360 1560 3436 pondus

562 3466 598 3524 de
622 3465 729 3526 Skaris.

521 3568 569 3644 .iij.
590 3568 674 3627 vncie
698 3587 762 3627 cum
786 3567 905 3626 dimidia
926 3568 990 3625 auri
1011 3568 1048 3625 ad
1071 3568 1185 3643 pondus
1206 3566 1395 3624 Norieanum.

521 3671 546 3727 .i.
569 3689 668 3729 marea
689 3669 725 3745 ij.
747 3669 831 3727 vneie
855 3669 934 3745 .xiiij.
957 3670 1020 3726 den.
1042 3668 1114 3726 auri.
1136 3669 1174 3726 ad
1195 3667 1310 3744 pondua
1333 3667 1369 3724 de
1394 3665 1559 3725 stoeolmis.

433 3782 435 3790 ’
521 3772 548 3828 .ἰ.
572 3790 671 3829 marca
693 3769 759 3844 .viij.
781 3771 846 3828 den.
868 3771 940 3829 auri.
963 3771 1001 3828 ad
1021 3771 1135 3846 pondus
1157 3772 1193 3828 de
1216 3768 1322 3830 Skaris.

522 3872 586 3931 alx.
607 3873 670 3931 flor.
692 3872 764 3931 auri.

522 3974 600 4050 .iiijrr
617 3974 694 4056 libre
712 3975 768 4050 .vij.
789 3973 893 4050 soiij.
915 3974 979 4032 den.
1002 3975 1112 4032 Turon.
1133 3992 1259 4050 grassor.
1288 3972 1398 4051 argenti
1427 3970 1562 4029 Francia.

524 4076 590 4152 .xvj.
614 4077 666 4135 sol.
690 4077 988 4154 Turumgrossorum
1010 4075 1139 4135 Boemie.

524 4177 673 4252 ‚cxxxviii
695 4179 767 4237 libre
791 4179 827 4261 .ij
850 4178 936 4237 solidi
958 4178 1016 4255 .iiij.
1040 4179 1104 4235 den.
1126 4177 1337 4253 sterlingorum.

525 4288 570 4339 .v¹!¹
592 4282 635 4359 iija
657 4281 753 4360 xcviij.
775 4282 891 4342 marche
918 4280 966 4357 .iij.
1000 4281 1084 4340 vneie
1117 4279 1163 4355 .iij.
1196 4281 1291 4356 quarti
1325 4298 1415 4355 parua
1446 4286 1562 4337 monete

562 4387 720 4445 Norieane.

520 4494 557 4545 vn}
574 4487 628 4562 iiijr
650 4486 687 4562 vj.
711 4488 828 4545 marche
850 4504 884 4543 .v.
907 4485 992 4544 vncie
1014 4485 1082 4542 .xix.
1104 4485 1168 4541 den.
1190 4503 1280 4558 parua
1303 4492 1417 4542 monete
1436 4481 1559 4541 Swecie.

519 4590 545 4646 .i.
566 4568 673 4665 ciphus'
689 4590 725 4646 de
744 4607 821 4646 nuce
843 4586 1032 4644 ultramarina
1053 4604 1119 4645 eum
1141 4585 1215 4661 pede
1238 4586 1359 4662 argenti.
1446 4585 1450 4596 '

814 4869 1117 4877 ...m—*-
