3584 5625
809 457 845 519 13

231 642 349 719 collegit
370 652 399 701 et
421 642 524 720 collegi
545 644 614 703 fecit
636 645 723 705 nichil
746 645 880 721 deposuit
902 646 980 723 apud
1010 646 1123 722 aliquos
1152 656 1336 717 mercatores,
1365 646 1422 704 sed

230 744 384 820 pecuniam
406 763 463 820 que
485 747 616 821 peruenit
638 747 675 805 ad
698 766 801 807 manus
821 766 889 805 suas
912 746 1044 822 deposuit
1063 748 1142 823 apud
1153 748 1316 806 Ecclesiein
1331 767 1423 820 suam,

231 846 318 904 aliam
352 846 458 904 dimisit
490 866 579 922 penes
608 848 786 908 collectores.
837 848 876 906 Et
906 848 976 925 quia
998 848 1078 905 uenit
1099 849 1136 905 ad
1159 849 1333 907 discordiam
1357 868 1423 907 cum

231 947 312 1023 Rege
334 956 453 1024 propter
474 947 552 1007 iacta
573 949 705 1008 Ecclesie
727 929 787 1022 sue,
810 951 944 1025 Regnum
974 948 1073 1007 exiens
1102 960 1185 1008 extra
1211 951 1346 1026 Regnum
1371 951 1423 1007 de·

231 1049 326 1108 cessit.
368 1048 408 1105 Et
429 1048 471 1108 sic
493 1051 571 1108 stetit
593 1051 741 1127 negotium
770 1050 845 1110 dicte
877 1051 989 1108 decime
1018 1050 1111 1108 donec
1139 1051 1275 1127 magister
1301 1051 1424 1127 Vguitio

232 1141 372 1225 plebanus
404 1150 441 1207 de
459 1149 624 1210 Oastelione
646 1153 768 1211 Aretine
792 1145 956 1225 [diocesis]l
986 1150 1040 1209 fuit
1068 1152 1224 1228 deputatus
1244 1172 1296 1229 per
1318 1152 1423 1213 Sedem

232 1251 421 1327 apostolicam
440 1253 478 1310 ad
494 1252 692 1330 recipiendum
714 1254 792 1329 quod
816 1253 970 1312 collectum
993 1263 1056 1311 erat
1078 1273 1130 1329 per
1152 1253 1260 1312 dictum
1283 1252 1424 1329 archiepi-

232 1371 352 1427 scopum
381 1361 410 1411 et
439 1353 610 1414 collectores
638 1374 715 1427 suos,
750 1364 780 1413 et
809 1355 846 1411 ad
870 1354 1064 1430 colligendum
1085 1355 1203 1414 residua
1224 1374 1282 1413 non
1303 1354 1426 1414 collecta

233 1471 285 1528 per
306 1453 399 1528 ipsum
422 1455 670 1532 archiepiscopum
694 1466 722 1515 et
744 1457 898 1531 deputatos
919 1458 956 1514 ab
980 1476 1023 1514 eo.
1114 1486 1118 1496 ·

317 1554 373 1629 Qui
397 1556 538 1630 plebanus
559 1557 647 1615 mittit
667 1577 719 1633 per
730 1558 903 1633 Magistrum
915 1556 1037 1617 Gerium
1049 1552 1255 1633 *Raynaldislri
1277 1559 1312 1616 de
1324 1558 1426 1617 Aretio

232 1655 375 1715 notarium
397 1677 480 1716 suum
510 1659 587 1734 quod
610 1659 646 1716 de
668 1660 794 1734 pecunia
816 1660 940 1718 collecta
961 1679 1013 1735 ρει·
1030 1659 1139 1717 dictum
1161 1660 1422 1736 Archiepiscopum

233 1767 262 1816 et
293 1758 464 1818 collectores
482 1778 551 1818 suos
572 1759 682 1835 recepit
704 1772 733 1819 et
752 1762 888 1837 deposuit
910 1780 998 1838 pones
1019 1770 1195 1821 mercatores
1221 1760 1257 1819 de
1280 1761 1424 1820 societati·

233 1860 286 1919 bus
315 1861 468 1938 Mocorum
500 1870 529 1919 et
555 1861 727 1922 Alienorum
757 1864 793 1922 de
820 1864 970 1922 Florentia
998 1864 1187 1923 communiter
1217 1882 1270 1939 per
1304 1862 1424 1939 equales

233 1972 330 2038 partes
351 1992 390 2002 -
414 1969 446 2021 vt
473 1982 522 2021 xx.
545 1964 678 2023 marchas
700 1966 810 2041 argenti
832 1966 870 2023 ad
892 1965 1049 2024 bonitatem
1072 1985 1124 2025 seu
1147 1966 1183 2023 de
1203 1967 1333 2023 bonitate
1353 1974 1434 2039 ster·¹

233 2063 376 2140 lingonum
400 2083 543 2125 nouorum
564 2066 600 2123 de
622 2066 732 2142 Anglia
754 2069 792 2125 ad
820 2069 936 2143 pondus
960 2068 1055 2144 Regni
1085 2068 1244 2143 Norwegie
1277 2067 1426 2126 continens

233 2166 289 2243 aij.
316 2168 424 2227 solidos
451 2177 480 2226 et
503 2168 549 2243 .vj.
572 2168 706 2225 denarios
727 2169 931 2246 sterlingorum
953 2189 1006 2245 pro
1028 2170 1159 2245 qualibet
1181 2171 1307 2227 marcho.
1351 2167 1425 2242 Qui·

234 2272 288 2329 bus
309 2270 433 2328 marchis
456 2270 494 2327 ad
516 2269 797 2347 poudusNorwegie
819 2271 947 2330 reductis
968 2273 1006 2329 ad
1028 2272 1142 2349 pondus
1152 2272 1317 2329 Romanum
1328 2271 1428 2328 ualent

237 2387 271 2407 -⁴
295 2376 327 2427 vt
348 2369 540 2452 iijrmarchas
562 2370 597 2445 ij.
618 2371 718 2431 vncias
742 2381 770 2431 at
792 2373 857 2447 .xvj.
878 2381 994 2431 tarenos
1022 2372 1133 2449 argenti
1162 2373 1199 2429 ad
1227 2373 1339 2447 pondus
1367 2373 1426 2429 Ro·

235 2489 351 2530 manum
374 2473 411 2530 ed
433 2450 592 2530 bonilatem
614 2472 725 2548 argenti
747 2475 959 2551 sterlingorum.
1003 2474 1153 2532 Diminuta
1166 2482 1209 2531 est
1222 2482 1318 2531 autem
1332 2491 1426 2548 quan·

234 2572 300 2631 titas
322 2572 453 2649 predicta
475 2574 512 2631 ad
534 2574 648 2649 pondus
659 2573 825 2650 Norwegie‚
848 2596 901 2653 pro
924 2595 958 2633 eo
981 2574 1425 2651 quodmarchaponderisNor·

234 2675 327 2752 wegie
359 2684 403 2734 est
433 2675 527 2733 minor
547 2692 635 2751 quam
657 2678 776 2735 marche
797 2678 922 2736 Romani
944 2677 1079 2753 ponderis
1105 2685 1210 2752 quarte
1234 2687 1317 2754 parte
1343 2676 1428 2736 vncie

235 2978 282 3057 gie
304 2982 342 3039 ad
364 2981 478 3058 pondus
500 2982 662 3059 predictum
678 2984 772 3060 Regni
788 2983 946 3059 Norwegie
968 2983 1004 3040 de
1026 3003 1085 3060 qna
1107 2994 1223 3042 moneta
1246 2982 1323 3040 iacto
1345 3001 1425 3042 assa·

235 3084 284 3160 gio
305 3104 357 3160 per
379 3079 511 3142 aurifices
533 3093 562 3141 et
584 3094 760 3144 mercatores
782 3105 896 3145 camere
915 3086 990 3145 sicut
1010 3086 1143 3144 subtilius
1155 3083 1335 3161 potuitfieri,
1347 3092 1428 3141 tenet

236 3186 272 3243 de
294 3195 418 3262 argento·
436 3186 474 3244 ad
495 3187 653 3245 bonitatem
670 3187 776 3244 Veneti
798 3207 851 3264 pro
874 3197 979 3264 quarta
1011 3196 1093 3262 parte
1122 3195 1151 3244 et
1178 3204 1267 3244 vnum
1296 3193 1428 3242 tarenum

234 3279 272 3345 'de
300 3298 420 3364 argento
443 3283 508 3366 plus
530 3308 583 3364 pro
604 3290 733 3365 qualibet
761 3289 835 3348 libra
856 3290 893 3347 ad
916 3290 1037 3365 pondus.
1081 3288 1148 3362 Qua
1171 3295 1287 3346 moneta
1307 3287 1428 3344 reducta

237 3390 273 3447 ad
294 3409 399 3466 purum
421 3396 572 3466 argentum
595 3390 775 3449 Venetorum
797 3391 875 3448 valet
890 3419 926 3428 -
939 3391 997 3467 vijv.
1024 3389 1092 3465 xvij.
1116 3390 1205 3447 libras
1227 3386 1296 3463 .viij.
1318 3380 1428 3459 vncias}

236 3500 266 3548 et
285 3491 361 3569 .viiij.
383 3499 500 3550 tarenos
521 3491 633 3567 argenti
653 3493 690 3551 ad
712 3494 827 3569 pondus
849 3493 1026 3551 Romanum.

319 3593 395 3651 Item
419 3619 454 3629 -
479 3599 517 3650 vl‘
558 3596 691 3654 marchas
712 3593 818 3652 veteris
846 3612 947 3669 grosso
968 3602 1084 3651 monete
1107 3591 1235 3651 eiusdem
1265 3592 1360 3667 Regni
1392 3591 1430 3648 ad

237 3713 388 3752 numerum
410 3722 451 3733 ·-
473 3694 533 3769 viij.
556 3695 655 3753 solidis
676 3715 730 3772 pro
752 3696 870 3753 marcha
892 3693 1215 3770 qualibetcomputatis.
1259 3693 1371 3751 Verum
1393 3692 1429 3751 de

237 3796 337 3853 eadem
369 3804 486 3855 moneta
518 3795 636 3853 marcha
667 3797 704 3853 ad
726 3797 839 3872 pondus
866 3797 1032 3854 Romanum
1059 3794 1181 3870 requirit
1209 3802 1238 3851 et
1264 3795 1368 3871 recipit
1388 3822 1430 3832 ·-

236 3896 295 3972 xiij.
319 3898 426 3956 solidos
449 3905 477 3954 et
499 3896 545 3972 iij.
567 3897 707 3956 denarios.
753 3898 799 3956 De
826 3917 884 3973 qua
912 3907 1028 3954 moneta
1054 3897 1131 3955 facto
1153 3895 1266 3971 assagio
1288 3895 1431 3953 subtiliter

236 4000 394 4058 secuudum
418 3999 496 4076 quod
517 4006 613 4075 potest
633 3999 777 4056 subtiliter
796 3999 859 4057 fieri
877 4019 929 4074 per
942 3999 1073 4057 aurifices
1087 4007 1115 4055 et
1126 4007 1303 4056 mercatores
1315 4017 1429 4056 camere
1493 4053 1497 4061 ,

236 4100 382 4159 inuenitur
401 4101 480 4176 quod
502 4101 580 4159 dicta
602 4110 718 4159 moneta
739 4119 840 4176 grossa
862 4111 941 4159 tenet
964 4101 999 4158 de
1022 4110 1142 4177 argento
1165 4101 1200 4157 de
1228 4099 1356 4157 bonitate
1368 4100 1429 4159 Ve-

236 4203 294 4261 neti
316 4222 371 4278 pro
393 4203 507 4280 quinta
528 4211 610 4278 parte
633 4212 662 4261 et
687 4203 753 4279 plus
776 4202 802 4277 .j.
823 4203 948 4260 tarinurn
982 4203 1092 4279 argenti
1122 4221 1175 4277 pro
1198 4201 1327 4277 qualibet-
1356 4202 1429 4261 libra

237 4304 273 4360 ad
296 4306 419 4380 pondus.
463 4304 530 4379 Qua
552 4303 669 4380 quidem
691 4313 806 4361 moneta
828 4305 950 4362 reducta
971 4306 1008 4361 ad
1030 4323 1135 4380 purum
1159 4311 1309 4379 argentum
1331 4303 1429 4360 Vene-

236 4416 331 4464 torum
354 4407 432 4464 valet
454 4435 495 4444 —
516 4405 570 4481 iiij0.
592 4404 650 4481 viij.
673 4406 761 4466 libras
784 4405 809 4480 .j.
831 4406 956 4474 vnciam‚
978 4406 1036 4480 viij.
1059 4415 1186 4477 tarenos,
1219 4414 1248 4462 ct
1269 4403 1316 4479 vij.
1338 4424 1430 4481 grana

237 4512 348 4585 argenti
371 4510 409 4568 ad
430 4509 544 4584 pondus
565 4509 739 4567 Romanum.

320 4611 394 4669 Item
417 4629 506 4686 penes
527 4610 687 4687 predictam
708 4609 877 4668 societatem
899 4608 1050 4685 Motorum
1073 4609 1271 4667 tantummodo
1296 4607 1431 4684 deposuit

236 4711 311 4768 idem
334 4711 475 4788 plebanus
502 4739 535 4749 -
560 4719 591 4770 vt
613 4731 726 4771 marcas
747 4711 852 4769 veteris
874 4711 987 4769 subtilis
1010 4720 1125 4769 monete
1146 4710 1275 4788 predicte
1297 4710 1333 4766 ad
1354 4709 1431 4766 idem

276 4820 284 4850 ¹
304 4824 424 4888 Udeledt‚
441 4826 586 4890 rimeligviis
604 4827 652 4876 ved
669 4826 866 4887 Forsummelse,
883 4827 891 4875 i
910 4826 1066 4889 Originelen.
