3584 5625
972 391 1008 482 fs

390 609 507 667 cuilibet
524 610 552 666 in
574 610 698 669 solidum
721 608 906 669 concedimus
926 621 1026 668 tenore
1047 612 1229 687 presencium
1245 611 1422 671 facultatem.
1463 612 1581 671 Datum

389 711 536 769 Aninione
558 713 634 771 Jdns
655 711 784 787 Augusti
805 711 990 786 pontificatus
1012 712 1103 770 nostri
1124 732 1201 770 anno
1223 713 1345 772 decimo.

471 814 621 873 «Iohannes
641 814 794 889 episcopus
812 832 914 871 seruus
946 832 1094 871 seruorem
1127 813 1181 871 dei.
1214 815 1326 874 dilectis
1358 814 1423 873 filiis
1451 814 1579 874 Iohanni

388 914 424 971 de
447 913 556 974 Serene
577 915 666 991 priori
689 922 850 973 conuentus
870 913 990 971 fratrum
1013 914 1121 972 ordinis
1143 914 1358 990 predicatorum
1379 916 1415 973 de
1442 915 1578 991 Figiaco,

388 1014 582 1086 caturcensis,
604 1027 634 1074 et
654 1016 804 1074 Bernardo
827 1015 862 1071 de
874 1014 986 1074 Ortolis
997 1015 1104 1072 rectori
1115 1015 1237 1075 ecclesie
1253 1017 1290 1073 de
1304 1016 1471 1076 Noualibus
1489 1016 1578 1076 Elec·

388 1117 476 1174 tensis
497 1116 663 1190 diocesium,
685 1115 844 1193 apostolice
866 1116 943 1175 sedis
961 1116 1087 1188 nunciis,
1102 1100 1225 1175 salutem
1242 1126 1271 1175 et
1283 1118 1475 1194 apostolicam
1486 1120 1577 1177 bene·

387 1216 555 1275 diccioncm.
599 1219 646 1276 De
667 1227 761 1275 vestre
784 1216 1055 1292 circumspeccionis
1076 1218 1217 1275 industria
1248 1218 1364 1294 plenam
1396 1220 1425 1276 in
1458 1219 1577 1278 domino

286 1318 521 1376 curandarum
544 1319 715 1390 obtinentes,
736 1328 768 1376 vt
788 1318 885 1393 legata
907 1337 1091 1394 quecumque
1111 1320 1141 1376 in
1162 1317 1259 1393 regnis
1280 1319 1437 1396 Norwegie
1461 1321 1577 1381 Swecie

386 1429 414 1476 et
437 1419 530 1479 Gocie
552 1440 604 1495 per
626 1439 826 1496 quoscumque
847 1429 924 1477 terre
945 1429 1045 1478 sancte
1066 1419 1196 1478 subsidio
1217 1439 1269 1477 seu
1291 1422 1423 1479 Romane
1451 1421 1577 1481 ecclesie

385 1520 460 1578 lecto
484 1530 513 1578 et
534 1521 666 1579 facienda
686 1541 774 1597 quam
797 1522 847 1579 diu
870 1540 924 1580 uos
944 1521 974 1578 in
995 1521 1126 1598 partibus
1153 1521 1209 1580 illis
1227 1522 1576 1599 essecontigerit,petere

385 1642 421 1679 ac
442 1611 571 1698 recipere
593 1632 692 1681 nostro
715 1633 744 1681 et
765 1624 893 1682 eiusdem
916 1621 1038 1682 ecclesie
1059 1623 1184 1680 nomine.
1207 1642 1340 1682 necnon
1363 1634 1392 1681 et
1423 1644 1459 1682 ea
1490 1624 1575 1683 vobis

384 1724 530 1782 soluentes
552 1724 665 1799 quitare
688 1733 716 1782 et
737 1725 890 1783 absoluere
913 1726 949 1782 de
970 1724 1024 1782 hiis
1046 1743 1103 1799 que
1125 1726 1162 1783 ab
1183 1724 1255 1800 ipsis
1265 1724 1432 1800 receperitis
1442 1724 1575 1797 valeatis,

384 1826 467 1884 vobis
489 1835 517 1884 et
539 1837 667 1885 vestrum
689 1826 807 1884 cuilibet
827 1827 857 1884 in
879 1826 1003 1885 solidum
1025 1827 1141 1901 planam
1173 1838 1203 1884 et
1233 1826 1355 1885 liberam
1388 1826 1574 1885 concedimus

384 1928 557 1986 auctoritate
584 1928 764 2005 presencium
797 1927 972 1986 facultatem.
1026 1916 1136 1986 Datum
1168 1927 1316 1986 Aninione
1347 1928 1424 1987 ddus
1443 1928 1573 2005 Augusti

384 2030 569 2104 pontificatus
590 2029 679 2087 nostri
703 2049 778 2088 anno
800 2029 922 2089 decimo.

468 2132 617 2191 Johannes
639 2132 791 2209 episcopus
811 2151 914 2191 seruus
935 2149 1085 2190 seruorum
1107 2132 1163 2190 dei.
1183 2132 1296 2191 dilectis
1318 2133 1384 2191 filiis
1394 2134 1519 2192 Iohanni
1537 2134 1573 2191 de

385 2232 494 2293 Serene
516 2234 605 2309 priori
627 2244 787 2293 conuentus
808 2233 929 2292 fratrum
949 2234 1057 2292 ordinis
1078 2233 1292 2311 predicatorum
1314 2234 1349 2291 de
1372 2235 1493 2311 Figiaco
1514 2233 1573 2294 Ga·

384 2335 534 2407 turcensis,
554 2345 583 2392 et
603 2336 755 2394 Bernardo
775 2336 812 2392 de
834 2335 944 2395 Ortolis
966 2336 1071 2395 rectori
1093 2336 1214 2394 ecclesia
1236 2335 1272 2393 de
1294 2335 1459 2395 Noualibus
1486 2336 1573 2395 Elec·

383 2436 471 2493 tensis
493 2437 660 2508 diocesium,
671 2437 831 2513 apostolice
851 2437 927 2496 sedis
949 2437 1070 2496 nunciis.
1091 2437 1216 2496 salutem
1238 2447 1267 2494 et
1282 2437 1473 2513 apostolicam
1484 2439 1572 2496 bene·

384 2536 553 2595 diceionem.
586 2538 707 2595 Dudum
728 2539 860 2596 volentes
881 2540 987 2598 nostris
1009 2550 1039 2598 et
1060 2539 1182 2598 ecclesie
1192 2540 1324 2597 Romane
1336 2530 1574 2598 neccessitatibus

383 2640 483 2715 vtique
504 2640 663 2715 grandibus
683 2641 845 2716 prouidere,
865 2641 984 2712 fructus,
1005 2641 1145 2712 redditus,
1167 2649 1196 2699 et
1217 2649 1375 2716 prouentus
1396 2638 1482 2716 primi
1503 2639 1573 2696 anni

384 2741 588 2799 beneficiorum
610 2741 738 2799 omnium
762 2752 790 2800 et
821 2743 999 2820 singulorum
1031 2742 1293 2802 ecclesiasticorum
1322 2760 1388 2800 cum
1421 2760 1491 2799 cure
1524 2741 1573 2798 uel

384 2843 444 2901 sine
467 2862 546 2914 cura,
569 2843 741 2919 dignitatum
763 2844 859 2917 etiam,
881 2857 1088 2921 personatuum
1099 2856 1128 2904 et
1145 2843 1316 2916 officiorum,
1332 2843 1573 2903 monasteriorum

384 2945 573 3021 prioratuum,
596 2955 625 3003 et
644 2945 766 3004 alioruin
788 2945 919 3013 locorum
939 2948 1202 3006 ecclesiasticorum
1223 2957 1283 3004 tam
1296 2946 1469 3006 secularium
1482 2964 1570 3021 quam

384 3046 570 3122 regularium,
591 3057 792 3122 exemptorum
814 3058 843 3107 et
864 3069 921 3107 non
944 3058 1155 3125 exemptorum,
1176 3067 1234 3124 que
1255 3048 1285 3106 in
1307 3048 1573 3124 regnisNorwegie

385 3147 497 3208 Swecie
520 3157 549 3205 et
571 3147 665 3207 Gocie
696 3157 766 3207 tunc
799 3150 944 3209 vacabant
963 3162 993 3208 et
1011 3170 1068 3226 que
1087 3170 1180 3227 usque
1200 3151 1238 3208 ad
1259 3150 1413 3208 triennium
1434 3149 1572 3227 qualiter·
1634 3220 1636 3225 Ι

385 3269 509 3326 cumque
531 3259 560 3307 et
581 3250 764 3326 ubicumque,
787 3251 878 3327 eciam
900 3250 925 3309 si
946 3252 1025 3327 apud
1052 3253 1149 3310 sedem
1177 3252 1365 3327 apostolicam
1399 3271 1434 3309 ea
1465 3270 1573 3310 vacare

385 3352 573 3427 contingeret,
594 3351 679 3409 certis
700 3351 836 3423 ecclesiis,
859 3353 1048 3427 monasteriis,
1070 3354 1259 3430 dignitatibus
1278 3363 1307 3411 et
1317 3352 1464 3412 beneficiis
1474 3362 1572 3410 tamen

384 3454 523 3528 exceptis,
545 3454 581 3511 de
601 3452 721 3510 fratrum
744 3462 907 3511 nostrorum
928 3455 1049 3513 consilio
1071 3476 1125 3531 per
1136 3464 1249 3514 nostras
1261 3453 1332 3511 certi
1342 3453 1449 3512 tenoris
1460 3453 1572 3511 litteras

383 3555 574 3613 reseruandos
597 3556 732 3612 duximus
755 3564 784 3612 et
804 3566 903 3613 nostre
922 3574 1035 3613 camere
1054 3557 1244 3630 deputandos.
1266 3557 1352 3614 certis
1369 3555 1572 3614 collectoribus

384 3674 436 3730 per
456 3666 569 3714 nostras
590 3657 669 3724 alias?
682 3654 781 3714 literas
802 3676 890 3732 super
912 3657 967 3714 hoc
990 3657 1143 3732 deputatis,
1166 3657 1217 3733 qui
1237 3658 1306 3716 licet
1327 3657 1365 3714 ad
1387 3664 1486 3732 partes
1507 3654 1572 3714 illas

383 3756 572 3832 personaliter
594 3758 764 3815 accedentes
787 3757 864 3814 circa
893 3756 1098 3816 collectionem
1134 3770 1163 3816 et
1195 3759 1392 3839 erraccionem=
1414 3757 1571 3829 fructuum,

383 3857 546 3915 reddituum
569 3866 598 3915 et
619 3836 813 3934 prduentuum
836 3858 1003 3916 eorumdem
1014 3859 1125 3917 solicite
1147 3860 1314 3932 laborarInt,
1336 3846 1433 3917 tamen
1455 3859 1492 3916 ad
1514 3859 1572 3917 huc

384 3959 419 4016 de
443 3959 525 4017 dictis
546 3958 686 4018 fructibus
707 3959 867 4018 redditibus
890 3969 919 4018 et
929 3961 1119 4035 prouentibus⁴
1128 3972 1237 4021 restare
1253 3962 1388 4020 dicuntur
1409 3979 1467 4019 non
1491 3961 1572 4018 nulla

382 4060 497 4118 residua
519 4060 691 4136 colligenda.
718 4081 770 4120 nos
802 4061 902 4139 itaque
934 4063 970 4119 de
1002 4071 1096 4120 vestre
1129 4063 1401 4138 circumspeccionis
1429 4062 1571 4122 industria

382 4160 497 4238 plenam
519 4162 548 4220 in
570 4162 687 4221 domino
709 4162 845 4221 fiduciam
867 4163 1038 4235 obtinentes,
1059 4164 1143 4222 vobis
1160 4174 1188 4222 at
1202 4173 1331 4223 vestrum
1349 4163 1467 4223 cuilibet
1483 4163 1570 4223 iuso·

381 4261 470 4320 lidum
491 4264 608 4339 petendi
630 4264 765 4341 exigendi
787 4274 815 4322 et
836 4265 995 4340 recipiendi
1016 4284 1069 4341 per
1090 4285 1144 4324 uos
1165 4265 1213 4324 uel
1234 4286 1287 4343 per
1308 4265 1398 4323 alium
1419 4284 1472 4324 seu
1498 4264 1571 4324 alios

381 4379 478 4423 nostro
499 4376 527 4424 et
550 4365 678 4425 eiusdem
700 4365 965 4425 ecclesieRomane
980 4366 1095 4425 nomine
1107 4365 1223 4425 residua
1235 4366 1412 4443 supradicta,
1435 4385 1490 4425 nec
1511 4386 1570 4424 non

382 4477 410 4524 et
430 4468 655 4527 contradictores
677 4486 729 4543 per
751 4487 903 4527 censuram
925 4468 1135 4528 ecclesiaticam
1157 4468 1359 4545 appellacione
1380 4477 1447 4543 post
1472 4468 1570 4544 posita

381 4569 591 4645 compescendi,
611 4568 747 4627 inuocato
770 4570 807 4626 ad
828 4571 882 4629 hoc
905 4571 930 4628 si
952 4589 1026 4646 opus
1047 4570 1134 4629 fuerit
1155 4569 1264 4628 auxilio
1285 4568 1393 4644 brachij
1423 4568 1570 4642 secularis,

380 4671 495 4746 plenam
518 4680 617 4728 tenore
639 4670 820 4746 presencium
842 4671 1028 4732 concedimus
1049 4682 1297 4749 potestatem,non
1314 4673 1447 4730 obstante
1464 4669 1489 4728 si
1501 4689 1567 4746 per-

380 4771 457 4830 sonis
479 4772 682 4831 ecclesiasticis
703 4772 868 4831 huiusmodi
888 4772 1030 4832 beneficia
1051 4772 1255 4847 obtinentibus,
1275 4772 1324 4831 uel
1344 4791 1444 4830 eorum
1460 4771 1567 4847 aliqui·
