3584 5625
246 881 430 962 Secuntur
461 881 598 959 cumbis
631 906 699 984 per
734 907 802 961 nes
838 882 948 983 lecte,
987 883 1033 960 de
1072 887 1228 963 monetis
1264 887 1535 988 predictisnm.

466 1013 587 1093 ano
620 1015 665 1092 de
696 1042 808 1119 parua
842 1028 985 1095 menete
1018 1017 1212 1097 Nerieena.

331 1231 430 1291 Primo
453 1262 494 1271 -
516 1234 551 1292 de
574 1234 614 1310 ‚ijr
635 1234 698 1292 lxx.
722 1236 827 1293 mercis
849 1232 875 1292 .i.
903 1235 990 1293 vecie
1017 1256 1108 1313 perue
1141 1247 1255 1296 menete
1288 1235 1435 1296 Nericene

247 1334 367 1393 emimus
391 1369 428 1377 -
449 1335 497 1392 .xl.
519 1335 608 1395 libres
630 1356 666 1394 .x.
683 1336 742 1396 eol.
764 1358 792 1396 v.
816 1338 879 1398 den.
902 1336 1105 1413 sterlingorum
1128 1366 1168 1377 -
1191 1337 1319 1415 Siagulis
1331 1335 1435 1395 murelo

246 1436 323 1494 dicte
345 1455 435 1512 paruo
457 1437 579 1513 pecunie
601 1456 655 1514 pre
679 1438 725 1513 iij.
747 1440 800 1498 sel.
824 1440 1026 1516 sterlingorum
1048 1439 1231 1515 computatis.

330 1538 405 1595 Item
428 1538 464 1596 de
492 1567 520 1575 -
550 1538 757 1614 .lxx'xij.marc.
770 1560 861 1617 perue
884 1550 997 1600 monete
1013 1541 1169 1599 Norieaue.
1194 1540 1314 1599 emimus
1334 1570 1360 1576 ·-
1379 1537 1436 1614 iiij.

246 1639 309 1697 libr.
330 1639 359 1715 ij.
382 1640 435 1699 sel.
457 1638 567 1698 Turon.
587 1659 753 1716 grossorum
773 1642 894 1719 argenti,
917 1641 1091 1718 computetis
1112 1642 1233 1718 singulis
1255 1641 1360 1700 marcis
1382 1660 1435 1717 pre

247 1740 305 1815 .xij.
327 1741 391 1800 den.
414 1740 628 1800 Turonensium
651 1743 769 1819 argenti.

329 1843 403 1900 Item
426 1844 462 1900 de
485 1872 522 1880 -
547 1844 652 1901 cxxix.
675 1863 764 1903 mare.
787 1844 827 1920 iij.
848 1864 914 1903 nnc.
936 1843 1012 1903 dicte
1034 1863 1126 1920 parue
1146 1843 1268 1919 pecunie
1286 1844 1435 1903 NorIeene

245 1944 366 2003 emimus
392 1972 426 1982 -
451 1964 523 2004 exv.
545 1945 607 2003 flor.
630 1945 692 2004 euri
716 1933 839 2022 singulis
857 1945 973 2004 florenis
996 1964 1048 2021 pro
1069 1945 1095 2002 .i.
1117 1964 1224 2004 marce.
1252 1954 1281 2003 et
1302 1944 1327 2002 .i.
1350 1945 1436 2003 vneie

244 2045 321 2104 dicte
343 2045 465 2122 pecunie
487 2047 668 2123 computatis.
735 2046 738 2052 '

329 2148 403 2206 Item
427 2149 523 2206 de-
547 2147 624 2224 .xvij.
646 2167 734 2207 merc.
757 2158 786 2207 et
807 2149 902 2208 medie
924 2167 988 2208 vno.
1009 2168 1100 2226 parus
1132 2149 1256 2225 pecunie
1287 2149 1436 2208 Nericene

245 2249 367 2309 emimus
391 2278 425 2288 -
452 2250 511 2326 xiij.
535 2252 599 2308 deu.
623 2250 661 2308 ed
684 2270 801 2327 egnum,
824 2250 943 2327 singulis
966 2250 1050 2326 agnis
1072 2270 1125 2326 pre
1147 2250 1173 2309 .i.
1194 2269 1294 2309 merce
1315 2251 1352 2325 ij.
1370 2269 1437 2310 vnc.

246 2370 311 2410 cum
334 2351 452 2409 dimidie
474 2351 549 2410 dicte
571 2372 662 2431 perne
684 2352 806 2428 pecunie
829 2350 1011 2429 computetis.

330 2453 404 2511 Item
427 2453 463 2511 de
489 2481 521 2491 -
548 2453 583 2530 ..ij
607 2473 693 2511 mere.
716 2455 753 2512 vi.
774 2473 841 2511 vno.
869 2462 898 2510 et
926 2452 963 2528 ij.
995 2452 1105 2511 terciis.
1123 2452 1208 2510 vuius
1243 2452 1326 2509 vncie
1360 2452 1436 2512 dicte

246 2572 336 2628 parue
358 2554 480 2630 pecunie
503 2554 623 2613 emimus
648 2582 682 2592 -
708 2554 743 2629 ij.
766 2556 830 2612 den.
852 2554 966 2630 regales
988 2553 1060 2624 auri,
1082 2554 1159 2629 regis
1177 2552 1307 2611 Freneie.

330 2653 404 2712 Item
427 2655 462 2712 de
488 2683 522 2693 -
548 2656 594 2731 .iij.
617 2656 721 2714 mercis
741 2655 798 2731 .vij.
816 2655 909 2730 vncijs
932 2674 997 2713 cum
1020 2653 1141 2713 dimidie
1163 2654 1240 2713 dicte
1262 2674 1352 2731 porue
1384 2673 1435 2730 pe·

247 2756 331 2815 cunie
353 2755 474 2815 emimus
500 2784 532 2793 -
560 2756 595 2833 ij.
618 2757 750 2818 denarios
773 2759 834 2816 euri
858 2758 894 2815 ad
918 2775 1053 2815 messam.
1479 2738 1482 2753 ⁸

331 2861 402 2918 Item
426 2859 462 2916 de
483 2884 525 2896 -
547 2859 642 2934 exxij.
666 2861 771 2919 mercis
793 2869 822 2918 et
845 2857 1063 2931 ‚mvneijscum
1077 2857 1195 2916 dimidia
1212 2878 1303 2936 paruo
1319 2867 1535 2920 monstenem...

247 2961 394 3020 Noricnne
416 2961 536 3020 emimus
558 2990 598 2999 -
622 2981 700 3019 .xxx.
724 2981 837 3021 merces
860 2980 895 3019 .v.
918 2959 1019 3018 vncies
1041 2967 1069 3017 et
1091 2978 1196 3018 nouem
1229 2960 1363 3019 denarios
1391 2979 1437 3018 ar·

246 3062 324 3139 genti
347 3060 384 3121 ad
404 3063 519 3139 pondus
540 3062 728 3121 Noricenum.

336 3191 685 3202 .......
693 3161 714 3220 1,

333 3264 510 3342 Computete
531 3284 630 3322 meree
652 3265 781 3342 qualibet
801 3264 911 3342 ergentj
930 3265 967 3322 ed
985 3265 1098 3341 pondus
1117 3264 1296 3323 Noricenum
1310 3246 1436 3350 premij.

247 3366 353 3426 mercis
373 3386 465 3444 perue
487 3366 609 3442 pecunie
631 3366 788 3425 Nericene.

332 3469 372 3526 Et
392 3467 472 3525 valet
493 3487 592 3526 merce
613 3467 762 3549 Noricena
784 3466 839 3542 .vij.
861 3466 961 3524 vncius
984 3476 1012 3524 et
1030 3464 1098 3541 .vin.
1117 3465 1250 3524 denarios
1267 3465 1304 3523 ad
1322 3465 1437 3542 pondus

246 3569 459 3629 Auinionense.
516 3640 519 3651 Ι

334 3807 453 3868 Summa
475 3806 578 3865 cambii
601 3804 723 3882 predicti
745 3805 813 3862 laeti
835 3805 870 3862 de
894 3804 1019 3881 pecunie
1040 3803 1189 3863 Noric'ene
1212 3795 1282 3861 ests

578 3928 611 3967 .c.
633 3928 680 3965 xv.
703 3906 803 3965 floreni
826 3905 896 3981 eurj.

577 4009 645 4068 .xiii.
667 4010 730 4067 den.
753 4008 791 4065 ad
813 4020 921 4084 egnum
943 4006 1015 4082 eurj.

579 4112 616 4169 ‚in
637 4111 750 4187 regales
772 4108 833 4184 eurj
857 4109 992 4167 Francie.

577 4211 613 4287 ij.
634 4212 731 4271 denar.
754 4212 792 4269 ad
814 4210 951 4270 messium
973 4211 1009 4268 de
1032 4229 1112 4268 aure.

579 4416 626 4473 .xl.
648 4415 720 4473 libre
743 4435 780 4473 .x.
803 4415 855 4473 sol.
876 4434 905 4471 v.
926 4415 989 4471 den.
1012 4412 1215 4486 sterlingorum
1237 4401 1357 4486 argenti.

578 4538 657 4577 .xxx.
680 4537 777 4576 merce
801 4536 838 4576 .v.
860 4516 944 4574 vecie
967 4516 1014 4575 ix.
1037 4515 1101 4572 den.
1122 4513 1243 4589 urgenti.
1264 4512 1301 4571 nd
1324 4511 1438 4588 pondus

246 4276 316 4358 [apr
397 4280 541 4340 urbium
557 4302 563 4321 ³
578 4314 635 4373 nn.
657 4314 729 4373 nure
752 4312 788 4389 rj.
811 4313 864 4372 θοι.
888 4312 961 4371 rur.
984 4331 1074 4389 grou.
1091 4309 1215 4385 ergene.

554 4321 576 4664 2
619 4620 808 4683 Norieanum.

287 4851 296 4881 ¹
314 4855 367 4904 Her
383 4871 411 4904 er
424 4870 456 4904 en
473 4853 547 4917 Liuje
564 4853 731 4903 bertrederet
809 4878 812 4887 ·
