3584 5625
842 506 879 567 51

264 696 330 774 plus
351 695 504 771 assignatis
526 713 613 772 quam
635 693 767 771 receptis,
790 703 904 761 constat
925 712 978 753 nos
993 698 1137 774 recepisse
1162 699 1227 773 plus
1253 715 1340 773 quam
1364 695 1454 773 assig-

264 816 349 857 nasse
370 804 476 855 restem
499 795 719 873 infrascriptam,
741 794 877 853 videlieet

353 897 389 973 .'u'.
409 915 474 956 rue.
498 915 563 955 cum
586 897 705 955 dimidia
726 905 755 955 et
777 895 853 956 obol.
875 897 937 955 euri
960 898 997 955 ad
1020 899 1134 973 pondus
1155 899 1363 959 Auiniouenso.

351 998 420 1075 .ἰίᾒῖτ
444 998 508 1057 libr.
531 997 592 1073 xiij.
613 998 664 1056 sol.
686 996 733 1073 vij.
757 981 954 1057 danffuron.
977 1018 1067 1076 gross.
1090 997 1211 1075 argenti.

350 1098 428 1175 lviiJ'.
450 1100 513 1159 libr.
535 1098 573 1173 iij.
595 1098 647 1158 sol.
670 1106 698 1156 et
720 1097 768 1156 .vi.
791 1099 855 1156 den.
879 1100 1091 1177 sterlingorum.

350 1202 377 1260 .ἰ.
401 1200 466 1260 den.
489 1200 601 1277 argenti
623 1200 658 1257 de
681 1199 809 1258 Boemia

353 1301 419 1379 .ἰίᾒὲ
439 1300 491 1378 vij‘!
514 1301 574 1361 lxx.
597 1301 735 1359 merehss
727 1300 764 1376 rij.
787 1320 851 1361 vnc.
873 1302 943 1378 xiiij.
966 1303 1029 1361 deu.
1051 1313 1178 1366 monete
1186 1301 1341 1363 Norieuno.

352 1403 404 1461 ,ixt
426 1402 484 1479 lvij.
508 1421 594 1461 mare.
620 1402 646 1459 .ἰ.
669 1421 734 1460 vnc.
755 1402 815 1465 xix.
838 1405 903 1463 den.
926 1422 1016 1480 perure
1039 1415 1153 1463 monete
1175 1404 1288 1466 Sueeie.

353 1501 431 1578 [onus
452 1504 546 1581 οἰρΙιιω
565 1505 599 1562 dc
628 1522 694 1563 nuce
725 1506 900 1563 nummula
931 1525 991 1566 oum
1019 1507 1090 1583 pods
1121 1509 1223 1581 argenti
1253 1508 1391 1564 cettmmus
1422 1507 1455 1578 ej.

264 1611 322 1679 tur
343 1602 424 1679 wil·

350 1709 398 1767 De
420 1728 480 1785 que
502 1707 619 1783 quidem
638 1717 716 1767 reste
736 1708 1035 1789 factasuntdoppsita
1047 1719 1218 1786 etexpeuse
1230 1717 1458 1787 quesequuttur.

317 2120 504 2224 Sequatur
536 2086 702 2221 deposita
734 2145 801 2220 per
832 2144 900 2196 nos
931 2120 1040 2220 latete⁷
1072 2123 1185 2222 primo
1219 2086 1267 2198 de
1295 2146 1406 2223 parua
1441 2089 1551 2177 Μ*

674 2256 828 2357 pecunia
858 2250 1051 2332 Noricune.
1139 2336 1143 2343 ,

353 2440 441 2497 Anno
463 2438 511 2494 d1‘1i
536 2445 587 2494 .m‘!
609 2445 673 2494 ccot
702 2435 804 2511 xxviijt
832 2437 878 2494 die
903 2443 983 2497 .xx't⁸
995 2438 1099 2496 mensis
1122 2438 1259 2513 Augusti,
1272 2437 1459 2514 deposuimus
1531 2499 1533 2503 ,
1589 2455 1595 2469 ·

269 2556 362 2617 penes·
380 2546 584 2615 procuratores
606 2537 654 2611 dnj
684 2537 838 2595 Bertrandi
872 2539 908 2596 de
940 2538 1074 2599 Sueioliis
1108 2538 1214 2609 militis
1248 2548 1276 2597 et
1307 2538 1388 2596 Petri
1423 2538 1458 2596 de

269 2641 428 2699 Manhanie
450 2639 617 2697 mercatoris
639 2638 957 2715 Montispessulenj-
975 2638 1098 2714 .m.vij⁰.
1119 2660 1195 2717 xqu.
1214 2642 1346 2700 marchas
1368 2657 1459 2717 paruo

269 2742 393 2822 pecunie
415 2742 563 2800 Noricane
585 2769 624 2778 -
649 2760 701 2817 pro
731 2741 836 2818 quibus
869 2683 980 2817 prefati·
1005 2742 1086 2800 miles
1118 2753 1147 2801 et
1179 2752 1322 2801 mereator
1354 2742 1460 2801 debent

269 2845 383 2905 soluere
405 2863 519 2902 camere
541 2843 590 2919 dnj
613 2862 697 2919 pepe,
720 2845 812 2919 prima
835 2844 881 2901 die
909 2845 1013 2902 mensis
1046 2845 1173 2920 Augusti
1206 2844 1337 2920 proxime
1370 2843 1456 2903 futuri

269 2963 319 2987 -’
332 2965 378 3004 .m.
401 2945 442 3002 vit
463 2944 535 3019 xiiij.
556 2945 679 3003 florenos
702 2946 774 3015 auri,
797 2945 970 3020 computatis
993 2946 1111 3021 singulis
1133 2946 1239 3005 marcis
1261 2945 1336 3005 diote
1368 2965 1459 3022 parua

218 3065 222 3072 ·
267 3047 390 3125 pecunie
412 3065 465 3122 pro
486 3045 534 3120 iij.
557 3045 656 3104 solidis
679 3047 890 3123 sterlingorum.
926 3059 954 3104 et
986 3048 1160 3122 computatis
1193 3048 1312 3124 singulis
1345 3048 1460 3106 florenis
1563 3036 1565 3044 Α

267 3170 320 3235 pro
343 3149 391 3224 iij.
411 3147 519 3207 solidis·
533 3159 562 3207 et
583 3148 642 3223 iiij.
665 3149 789 3225 densriJ's
811 3149 1012 3224 sterlingorum
1035 3151 1156 3224 argenti.

353 3250 427 3307 Item
446 3250 637 3326 deposuimus
659 3269 763 3364 penes·
767 3251 901 3308 Yverum
925 3250 1000 3309 Creo
1023 3255 1194 3365 burgensem
1222 3252 1257 3307 de
1287 3249 1397 3327 Bergis,
1432 3262 1461 3308 et

268 3462 383 3513 monete
403 3451 615 3513 Nouioaue-
636 3472 690 3530 pro
712 3453 817 3529 quibus
851 3452 1013 3512 debuerunt
1044 3395 1159 3512 soluere
1176 3394 1334 3527 'Bergis
1326 3472 1355 3510 m
1387 3452 1460 3512 iesto
1495 3510 1499 3524 ,

267 3555 360 3615 saneti
381 3554 524 3614 Johauuis
546 3550 685 3614 *babtiste
707 3555 839 3630 proxime
861 3555 1007 3629 preterito.
1029 3574 1082 3632 pro
1115 3553 1244 3630 qualibet
1266 3555 1383 3612 marche
1413 3553 1460 3629 iij,

268 3656 377 3716 solidos
398 3655 600 3733 sterlingorum
623 3656 671 3714 uel
693 3657 719 3715 .ἰ.
742 3657 889 3716 marcham
918 3657 1029 3733 urgenti
1062 3656 1100 3714 ad
1134 3655 1247 3733 pondus
1279 3654 1461 3713 Noriceuum

196 3745 198 3749 ¹
267 3778 322 3836 pro
344 3758 413 3835 tiiju
444 3758 567 3817 marchis
596 3777 687 3834 perue
708 3766 833 3829 moneto,
855 3757 892 3815 ad
915 3757 1084 3815 electionem
1107 3757 1248 3817 dictorum
1272 3755 1460 3832 depositario-

267 3878 340 3918 rum.
383 3859 493 3919 Valent
516 3889 555 3899 -
578 3859 624 3934 .lij.
646 3859 708 3917 libr.
729 3881 757 3919 x.
779 3859 831 3918 sol.
853 3859 1066 3935 sterlingorum.

352 3962 424 4020 Item
447 3961 633 4037 deposuimus
656 3980 743 4037 penes
767 3962 834 4018 dnm
858 3960 1011 4036 Erlingum
1030 3960 1190 4036 dnpilerum
1211 3957 1460 4035 regnJNorwogie

267 4093 309 4103 -
333 4063 373 4140 ‚ijs
394 4063 430 4121 vi.
453 4063 586 4120 marchas
608 4082 673 4121 cum
698 4061 817 4120 dimidia
839 4082 930 4138 par-ue
952 4060 1232 4119 moneteNorieane.
1278 4061 1336 4118 Pro
1353 4059 1459 4136 quibus

268 4165 370 4226 debuit
390 4164 532 4224 soluere
524 4184 554 4221 rn
576 4164 653 4222 dicto
674 4163 747 4222 festo
769 4164 861 4222 sancti
840 4163 1015 4222 tlohannis
1036 4163 1225 4221 babtiste—
1246 4162 1294 4238 iij.
1318 4162 1368 4220 sol.
1388 4171 1459 4220 ster·

266 4269 413 4344 lingonum
435 4285 487 4344 pro
509 4264 640 4342 qualibet
661 4267 780 4324 mercha
801 4285 892 4341 paruo
916 4275 1036 4324 monete.
1059 4264 1157 4323 valent
1181 4283 1258 4322 ..xxx
1280 4263 1369 4323 libras
1392 4263 1459 4321 xix.

181 4390 186 4399 ·
267 4369 377 4428 solidos
399 4367 444 4426 .vi.
467 4367 565 4425 denar.
588 4365 800 4444 sterlingorum.

448 4536 568 4598 Summa
590 4536 695 4613 pagine
717 4538 754 4596 de
776 4536 914 4612 depositis
950 4571 979 4578 -κ
1016 4537 1061 4611 .iJ'¹!¹
1089 4535 1131 4610 iijs
1163 4535 1233 4593 xlix.
1266 4554 1354 4592 mare.
1386 4534 1460 4591 med.

1055 4640 1146 4696 parue
1168 4614 1282 4678 monete
1303 4607 1459 4677 Norieane.

324 4727 369 4765 c.
854 4727 900 4764 ..m
921 4707 962 4763 v'⁰.
984 4726 1053 4764 xm.
1077 4707 1139 4764 flor.
1163 4705 1235 4763 auri.

315 4701 380 4784 [p]
449 4789 568 4850 Summa
580 4789 687 4848 ualoris
699 4739 859 4922 eiusdemz
854 4726 974 4867 lxxxiij.
997 4727 1089 4849 libl.
1082 4791 1121 4849 ix
1143 4790 1194 4849 sol.
1215 4799 1243 4847 et
1258 4789 1294 4862 vJ'.
1313 4790 1459 4847 demster-

894 4876 1047 4952 lingonum.

1217 4955 1259 5016 υ
