3584 5625
866 488 922 547 141

656 710 682 767 2.
730 709 818 767 1274.
863 708 940 766 alde
963 706 1140 783 September.

369 857 509 922 Gregorius
527 858 661 922 episeopus
680 872 768 907 seruus
786 873 918 907 seruorum
937 856 977 907 dei
1000 856 1138 906 venerabili
1160 854 1234 904 tratri
1260 854 1373 904 Johanui
1398 853 1489 903 Archi·

300 942 420 1007 episeopo
439 942 595 993 Nidrosieusi
613 944 731 993 salutem.
767 941 870 1003 Quanto
889 943 1036 991 estimamus
1055 942 1185 1003 negotium
1200 949 1265 990 terre
1284 947 1371 989 sancte
1381 939 1490 1002 solemp-

300 1027 365 1089 ulus,
383 1036 528 1091 quantoque
546 1030 628 1092 magis
646 1028 739 1077 insidet
757 1028 827 1077 cordi
845 1037 940 1088 uestro,
959 1035 1032 1076 tauto
1050 1026 1158 1089 amplius
1171 1026 1204 1073 ad
1220 1024 1396 1074 executionem
1411 1023 1489 1087 ipsius

300 1119 326 1161 et
345 1126 433 1161 eorum
451 1128 498 1176 que
517 1122 634 1177 spectant
651 1115 683 1161 ad
701 1113 784 1176 ipsum
802 1127 924 1175 personas
942 1110 1086 1174 idonejores
1100 1109 1263 1173 exquirimus,
1272 1109 1335 1160 illud
1348 1109 1491 1181 specialiter

299 1196 325 1245 in
343 1212 431 1247 earum
448 1198 587 1247 idoneitate
606 1206 746 1261 querentes,
765 1205 793 1245 ut
810 1196 934 1246 fidelitate
952 1212 982 1246 ac
1003 1197 1138 1261 prudentia
1158 1194 1263 1257 rigeant
1275 1204 1300 1243 et
1309 1194 1365 1242 uelo
1375 1191 1490 1243 ferveant

300 1282 332 1331 ad
350 1283 417 1331 idem
436 1282 568 1346 negotium
586 1284 796 1347 prosequendum.
843 1282 898 1331 Hee
922 1265 955 1331 ‘de
981 1296 1091 1346 persona
1114 1288 1159 1330 tua
1182 1279 1310 1329 laudabile
1328 1278 1402 1328 nobis
1420 1278 1490 1327 testi·

300 1366 411 1416 menium
438 1383 454 1416 a
479 1366 613 1429 fidedignis
640 1368 781 1416 exhibitum
809 1367 952 1429 pollicetur.
1012 1368 1078 1417 cum
1105 1366 1200 1429 itaque,
1231 1364 1387 1429 approbante
1417 1377 1489 1412 sacro

299 1451 411 1513 generali
433 1450 542 1501 concilio
564 1465 644 1515 nuper
662 1459 818 1515 congregato
836 1452 965 1514 Lugduni,
984 1452 1107 1522 decimam
1126 1450 1240 1500 omnium
1258 1446 1488 1498 ecclesiastieorum

299 1536 442 1594 reddituum
461 1544 487 1584 et
504 1544 673 1600 prouentuum
693 1538 725 1585 sd
744 1544 808 1586 terre
826 1538 942 1600 predicte
960 1536 1099 1586 subsidium
1125 1533 1171 1600 per
1204 1550 1250 1584 sex
1273 1549 1355 1584 annos
1381 1549 1397 1582 a
1423 1532 1489 1582 sesto

299 1620 442 1670 natiuitatis
459 1621 527 1670 beati
545 1620 671 1671 iohannis
696 1621 812 1687 Baptista
830 1630 960 1672 trausacto
984 1621 1121 1671 nouissime
1145 1619 1315 1669 numerandos
1341 1618 1488 1668 duxerimus

299 1706 494 1767 concedendam,
513 1704 665 1756 fraternitati
683 1716 733 1764 tue,
751 1708 907 1771 presentium
927 1706 1090 1765 auctoritate,
1108 1705 1266 1762 mandamus,
1285 1711 1410 1767 quatenus
1427 1718 1488 1767 prs-

299 1789 365 1840 dicte
384 1790 481 1842 decime
499 1791 643 1854 colligenda
661 1791 687 1841 iu
705 1793 822 1842 omuibus
841 1792 955 1856 partibus
965 1793 1037 1855 regni
1045 1790 1180 1853 Norwegie
1190 1787 1332 1853 subscripto
1343 1788 1420 1838 medo
1433 1787 1488 1837 sol·

297 1875 366 1925 licite
385 1891 473 1926 curam
490 1890 571 1938 geras,
589 1877 708 1927 videlicet
724 1886 753 1926 ut
769 1878 796 1927 iu
814 1877 921 1941 singulis
934 1877 1080 1926 ciuitatibus
1093 1884 1119 1925 et
1131 1875 1274 1924 diocesibus
1287 1874 1360 1936 regni
1372 1871 1489 1935 ejusdem

299 1960 329 2009 de
347 1959 455 2009 consilio
472 1959 588 2009 locorum
606 1961 735 2022 ordinarii,
748 1970 793 2012 aut
810 1962 990 2026 vieesgersntis
1008 1962 1029 2011 si
1047 1963 1198 2010 diocesanus
1216 1961 1269 2022 ipse
1294 1958 1386 2008 absens
1404 1956 1488 2021 luerit,

300 2041 446 2095 &duorum
463 2045 512 2094 lide
531 2046 665 2108 dignorum
688 2047 718 2095 de
745 2047 853 2096 ecelesia
879 2047 1020 2096 cathedrali
1044 2046 1241 2096 constitutorum
1258 2046 1294 2093 'iu
1320 2041 1487 2106 dignitatibus

299 2144 342 2180 sen
360 2131 470 2182 aliorum
488 2131 571 2194 quoad
587 2145 640 2180 nou
658 2140 801 2195 exemptos,
820 2133 905 2196 quoad
923 2140 1054 2197 exemptos
1071 2146 1131 2180 vcro
1158 2132 1188 2180 de
1214 2129 1322 2179 consilio
1345 2128 1488 2191 aliquorum

299 2216 436 2280 proborum
455 2216 486 2264 ds
504 2224 638 2265 contractu
648 2201 752 2280 deputes
766 2218 828 2265 dnus
840 2233 962 2281 personas
975 2218 1024 2266 lide
1034 2225 1059 2266 et
1069 2216 1241 2276 facultatibus,
1251 2216 1272 2264 si
1282 2214 1346 2263 tales
1356 2213 1488 2263 inuenian-

299 2301 499 2361 tandummodo
524 2314 554 2349 ae
580 2301 671 2351 idonce
697 2301 730 2350 ad
757 2301 915 2352 collectionis
942 2302 1088 2352 huiusmodi
1114 2302 1281 2350 ministerium
1300 2299 1485 2362 exequendum.

299 2385 449 2435 collectores
467 2399 537 2446 rere,
556 2401 627 2449 quos,
645 2394 673 2435 ut
690 2388 852 2450 premittitur,
872 2388 1015 2451 deputabis,
1041 2389 1067 2436 in
1092 2385 1191 2445 forma,
1201 2385 1290 2449 jurare
1316 2381 1395 2432 iacias
1420 2381 1488 2432 inira

299 2468 400 2533 scripta,
418 2478 444 2519 et
460 2477 489 2518 tn
505 2471 683 2519 nichilominus
701 2486 808 2533 regnum
826 2478 851 2520 et
868 2480 954 2535 partes
972 2472 1085 2521 eiusdem
1098 2473 1219 2530 circueas,
1230 2467 1377 2531 diligentius
1390 2475 1488 2517 scruta·

298 2563 376 2617 turus,
394 2555 503 2619 qualiter
519 2555 545 2603 in
563 2556 696 2604 commisse
714 2554 761 2604 sibi
779 2556 846 2605 dictc
863 2540 1022 2607 collectionis
1040 2555 1125 2614 allicio
1143 2556 1218 2604 iidem
1232 2570 1258 2603 se
1270 2554 1382 2603 habeant
1394 2553 1488 2603 collec-

298 2646 373 2701 tores,
392 2640 501 2703 qualiter
517 2641 578 2702 ipsis
597 2641 628 2690 de
646 2640 744 2690 decima
761 2641 877 2699 satisfiat,
896 2641 1081 2704 collectamque
1099 2656 1144 2704 per
1160 2641 1219 2689 illos
1246 2654 1279 2688 ex
1307 2638 1405 2687 decima
1431 2638 1487 2701 ipsa

298 2725 431 2791 pecuniam
449 2725 480 2773 de
498 2725 670 2789 predictorum
697 2724 816 2773 ordinarii
841 2733 867 2775 et
889 2726 998 2776 aliorum
1025 2726 1132 2775 consilio
1158 2723 1237 2774 iacias
1264 2738 1310 2788 per
1335 2723 1486 2772 collectores

299 2812 400 2862 eosdem
418 2810 445 2862 in
463 2811 523 2859 tutis
549 2810 614 2886 locis
641 2810 681 2860 vel
706 2808 765 2859 loeo
792 2811 891 2875 deponi.
919 2812 964 2862 tibi
990 2827 1091 2877 quoquc
1117 2826 1174 2860 cum
1200 2809 1310 2860 consilio
1337 2808 1486 2869 eorundem,

299 2897 419 2947 ordinarii
437 2903 463 2945 ct
480 2895 587 2944 aliorum
604 2895 719 2944 mutandi
737 2896 888 2946 collectores
906 2898 975 2959 ipsos
993 2897 1108 2960 quotiens
1126 2895 1218 2945 videris
1237 2894 1365 2959 expedire,
1385 2908 1416 2942 ac
1442 2908 1486 2942 ees

298 2980 466 3046 compellendi
484 2981 517 3030 ad
534 2981 689 3030 reddendum
707 2995 793 3030 eoram
811 2982 906 3031 eisdem
924 2982 1058 3032 ordinariis
1076 2989 1102 3031 et
1118 2981 1175 3030 aliis
1193 2988 1340 3044 computum
1352 2979 1383 3027 de
1394 2978 1486 3027 cellec-

298 3065 338 3126 tis,
353 3075 378 3115 et
395 3065 596 3115 contradictores
614 3065 742 3130 quoslibet
759 3069 913 3117 auctoritate
930 3067 1073 3132 apostolica
1085 3081 1129 3130 per
1141 3081 1273 3115 censuram
1286 3063 1486 3114 ecclesiasticam

298 3150 475 3214 compescendi
492 3150 594 3214 plenam
612 3151 699 3199 eadem
718 3153 870 3203 auctoritate
890 3153 1052 3202 concedimus
1070 3159 1233 3216 potestatem.
1280 3148 1317 3198 Et
1334 3156 1362 3197 ut
1379 3156 1432 3199 tam
1450 3155 1486 3209 tu,

297 3249 371 3298 quam
390 3235 451 3284 dieti
469 3235 619 3285 collectores
637 3235 748 3285 fructum
768 3239 798 3286 de
816 3238 905 3287 vestris
923 3237 1053 3287 laboribus
1077 3237 1220 3301 reportetis,
1240 3236 1363 3299 premissa
1389 3233 1434 3283 tibi
1461 3238 1487 3282 et

296 3318 374 3370 eisin
392 3318 565 3371 remissionem
582 3329 747 3386 peccatorum
764 3322 929 3386 iujungimus,
949 3331 975 3372 et
992 3322 1171 3372 nichilominus
1190 3337 1206 3370 a
1223 3320 1379 3385 prestatione
1389 3319 1486 3368 decime

296 3392 341 3469 pro
360 3406 432 3456 aunis
451 3405 500 3454 illis
518 3407 608 3470 quibus
619 3407 687 3459 circa
699 3420 729 3454 ca
737 3405 896 3467 laborabitis,
906 3408 1024 3457 velumus
1033 3422 1079 3456 ros
1089 3420 1145 3455 esse
1156 3408 1287 3454 immunes.
1322 3393 1360 3453 Te
1370 3411 1487 3466 preterea

295 3487 362 3540 illius
388 3490 545 3554 indulgentie
572 3490 735 3541 concedimus
768 3507 823 3540 esse
847 3493 1006 3557 participem,
1033 3507 1081 3556 qus
1108 3492 1291 3554 crucesignatis
1317 3487 1488 3553 personaliter

295 3573 518 3624 transfretantibus
536 3575 562 3623 iu
579 3572 676 3639 prefate
695 3581 761 3625 terre
778 3576 919 3626 subsidium
938 3586 977 3625 est
993 3592 1123 3638 concessa,
1142 3584 1168 3625 et
1185 3575 1252 3638 qued
1271 3574 1302 3623 de
1320 3573 1430 3637 pecunia
1453 3587 1487 3622 ex

294 3657 350 3724 ipsa
368 3658 467 3709 decima
484 3659 628 3723 colligenda
646 3660 752 3722 singulis
771 3661 868 3719 dicbus,
886 3663 913 3710 in
939 3661 1028 3726 quibus
1058 3663 1126 3711 circa
1153 3661 1277 3725 premissa
1303 3659 1415 3718 vacabis,
1435 3664 1486 3707 tres
1536 3651 1540 3661 ’

295 3743 391 3794 solidos
410 3745 590 3806 sterlingorum
607 3745 732 3808 percipias
756 3761 802 3811 pro
829 3747 955 3811 expensis.
992 3762 1042 3796 non
1070 3748 1188 3796 obstante
1207 3747 1228 3794 si
1247 3744 1374 3808 aliquibus
1393 3759 1409 3793 a
1426 3744 1487 3793 sede

294 3829 439 3894 apostolica
457 3830 490 3880 sit
507 3831 642 3890 indultum,
662 3831 729 3893 quod
749 3831 862 3880 interdici
883 3832 1004 3895 suspendi
1022 3832 1062 3881 vel
1079 3830 1295 3882 excommunicari
1314 3844 1364 3878 nen
1388 3827 1488 3892 possint

295 3928 339 3979 per
355 3915 454 3965 litteras
473 3916 636 3978 apostolicas,
655 3931 703 3979 que
722 3916 753 3964 de
771 3917 870 3965 indulto
888 3917 1033 3966 huiusmodi
1051 3933 1081 3966 ac
1106 3927 1161 3966 tcta
1187 3917 1241 3966 eins
1272 3914 1429 3963 coutinentia
1456 3915 1487 3963 de

294 3999 370 4049 verbo
388 4001 422 4048 ad
440 4000 553 4062 verbum,
572 4006 598 4048 et
616 4001 646 4049 de
665 4001 772 4064 propriis
790 4002 905 4052 locorum
935 4013 961 4051 et
989 4017 1155 4065 personarum
1179 4000 1325 4061 nominibus
1350 3997 1487 4061 specialem

295 4083 395 4148 plenum
414 4092 440 4133 et
457 4099 604 4148 expressam
623 4100 674 4133 nou
693 4084 798 4135 feceriut
821 4086 983 4147 mentionem,
1014 4087 1066 4137 sive
1093 4085 1247 4149 quibuslibet
1270 4083 1327 4133 aliis
1346 4083 1486 4148 priuilegiis
1523 4124 1525 4126 ,

295 4167 458 4232 indulgentiis
476 4170 517 4219 rel
534 4171 626 4220 litteris
644 4172 833 4235 quibuscunque
852 4172 1026 4234 dignitatibus,
1045 4171 1183 4231 ordinibus,
1202 4169 1274 4230 locis,
1300 4169 1340 4218 vel
1371 4168 1486 4232 personis

296 4254 446 4316 generaliter
464 4263 509 4304 aut
527 4257 673 4319 specialiter
690 4257 737 4305 suh
756 4271 906 4320 quacunque
925 4256 1008 4305 forms
1033 4256 1074 4304 vel
1097 4256 1263 4319 conceptione
1290 4256 1426 4304 verborum
1453 4253 1485 4303 ab

296 4338 381 4387 eadem
399 4339 460 4388 sede
478 4341 615 4400 concessis,
634 4342 664 4389 dc
683 4342 781 4403 quibus,
794 4357 951 4405 quorumque
964 4342 1024 4391 totis
1037 4342 1167 4390 tenoribus
1186 4342 1217 4390 de
1235 4341 1312 4389 verbo
1331 4341 1363 4389 ad
1381 4339 1487 4388 verbum

258 4474 264 4486 ,
295 4419 321 4470 in
337 4423 431 4472 nostris
449 4424 540 4473 litteris
564 4425 682 4490 specialis
708 4426 784 4488 plena
810 4437 836 4476 ct
861 4442 985 4490 expressa
1010 4428 1105 4476 mentio
1135 4428 1168 4476 sit
1196 4426 1321 4476 habenda.
1356 4424 1486 4474 Volumus

295 4515 378 4558 summ
396 4517 425 4558 ut
443 4507 589 4573 frequenter
605 4511 679 4560 nobis
697 4513 806 4560 scribere
825 4513 928 4561 studeas
947 4514 1006 4576 quid
1024 4523 1110 4562 aetum
1129 4512 1204 4561 luerit
1225 4514 1252 4561 in
1281 4512 1393 4576 qualibet
1422 4524 1485 4574 pro-

296 4592 376 4643 nlncia
393 4605 447 4643 tam
465 4595 532 4643 circa
559 4595 710 4644 collectores
737 4611 811 4659 quam
838 4597 906 4645 cirea
936 4598 1122 4657 collectionem,
1149 4599 1316 4661 quantitatem
1340 4596 1485 4655 collectam,

295 4676 371 4742 ipsius
390 4681 583 4743 depositionem,
603 4681 688 4730 locum
708 4682 874 4745 depositionis
893 4698 923 4731 ac
953 4685 1063 4732 modium.
1110 4683 1147 4732 Et
1171 4682 1275 4746 iusuper
1298 4682 1329 4730 de
1355 4678 1486 4744 premissis
1555 4694 1557 4698 ⁴

294 4762 402 4814 fideliter
420 4780 451 4813 ac
470 4766 568 4814 solicite
586 4768 767 4830 prosequendis
786 4777 882 4830 prestes
901 4769 976 4818 tactis
994 4769 1165 4818 sacrosanctis
1192 4766 1333 4828 euangeliis
1356 4765 1487 4828 juramen·

295 4854 354 4899 tum.
390 4849 564 4900 Considamus
582 4851 664 4914 itaque
683 4853 750 4914 quod
768 4852 794 4901 in
811 4853 941 4916 premissis
959 4853 1091 4916 negotium
1108 4854 1157 4903 Dei
1175 4850 1486 4918 prosequerisetiucou·
