3584 5625
943 478 1001 537 102

465 665 540 724 Item
560 665 690 739 Recepte
712 662 748 721 de
769 663 869 721 eedem
892 663 1005 723 decime
1025 664 1054 724 in
1075 666 1153 725 dicto
1175 667 1288 741 Regno.
1329 664 1423 725 Derie
1451 672 1492 723 ‚vt
1512 662 1566 739 xlj.

381 785 469 825 mure.
491 766 529 843 vj.
553 785 593 825 or.
613 774 642 823 et
668 763 704 841 .ij
734 764 787 824 eol.
819 783 880 841 arg.
913 767 1047 842 ponderis
1079 766 1269 841 Coloniensis,
1300 786 1357 845 qne
1387 773 1568 826 commutate

381 866 497 927 fuerunt
516 886 570 944 pro
591 894 632 905 -
655 884 750 925 ‚cxxm
772 865 836 923 libr.
857 865 938 942 xviij.
961 869 1014 926 eol.
1037 876 1066 927 et
1088 889 1126 927 .x.
1149 870 1212 927 den.
1235 885 1326 945 gross.
1349 866 1567 928 Turonemium

383 969 578 1045 computando
589 986 717 1026 meream
728 966 838 1044 argenti
850 986 905 1043 pro
922 969 992 1045 niij‘!r
1005 971 1057 1030 eol.
1069 978 1098 1030 et
1113 991 1152 1029 .x.
1163 971 1226 1030 den.
1238 989 1328 1047 grom.
1340 968 1567 1030 Turoneneinm.

466 1154 541 1211 Item
563 1152 679 1212 inerunt
700 1152 736 1212 de
758 1155 858 1211 eedem
881 1154 993 1214 decime
1013 1156 1042 1215 in
1066 1157 1167 1215 eodem
1189 1157 1291 1232 Regno
1316 1154 1411 1215 Deeie
1442 1155 1570 1231 Recepti

383 1254 459 1330 lviij.
477 1255 541 1314 libr.
562 1275 591 1313 x.
615 1255 667 1315 eol.
691 1264 719 1314 et
740 1254 796 1331 .vij.
820 1255 883 1313 den.
905 1274 996 1332 grose.
1017 1257 1238 1318 Turoneneium.
1352 1307 1355 1316 .

468 1456 543 1517 Item
564 1458 693 1532 Recepto
716 1456 751 1515 de
774 1457 886 1517 decime
907 1458 1038 1535 predicta
1058 1458 1187 1519 eiusdem
1215 1460 1310 1538 Regni
1340 1459 1434 1520 Deeie
1455 1458 1571 1518 mix.

383 1560 447 1620 libr.
469 1558 518 1635 vij.
541 1558 594 1618 sol.
615 1577 681 1616 eum
703 1558 728 1635 .j.
751 1560 815 1618 den.
841 1560 1053 1637 sterlingorum,
1086 1570 1261 1621 commutate
1292 1562 1407 1620 fuerunt
1438 1580 1492 1636 pro
1524 1588 1571 1599 -

383 1661 451 1738 aiij.
473 1660 536 1720 libr.
557 1660 585 1738 ij.
607 1661 658 1719 eol.
681 1669 710 1718 et
733 1660 803 1737 tiiju
816 1662 881 1719 den.
904 1680 995 1738 grues.
1018 1663 1232 1722 Turoneneium
1265 1683 1331 1723 eum
1364 1663 1390 1739 .j.
1415 1662 1570 1738 sterlingo.

384 1762 583 1840 [Commendo
606 1764 650 1837 eij.
670 1765 720 1822 eol.
740 1765 924 1839 sterlingorum
942 1782 994 1839 pro
1017 1766 1044 1838 j.
1065 1766 1151 1823 rotello
1170 1786 1256 1841 prone
1281 1759 1493 1835 Twoneneimnl.

513 1966 633 2027 Summe
652 1966 839 2043 pecuniarum
861 1974 890 2025 et
902 1966 1014 2081 argenti
1041 2017 1144 2095 'conj‘
1175 2018 1239 2077 libr·
1270 2016 1327 2093 viij·
1359 2017 1412 2078 sol·
1446 2024 1476 2075 et
1503 2018 1575 2093 ‘viij'

513 2067 549 2228 (ἐξ
591 2068 670 2127 dm
697 2068 809 2183 lemma
840 2078 958 2145 recepta
985 2088 1015 2126 m
1042 2122 1106 2178 den.
1146 2138 1313 2198 grossorum
1354 2119 1576 2178 Turoneneium

543 2187 617 2246 egno
638 2171 731 2229 Decre
752 2170 790 2227 ed
812 2188 927 2245 grossos
954 2172 1015 2229 Tu·
1042 2241 1108 2280 cum
1131 2222 1168 2298 ‘ij‘
1190 2220 1342 2297 mugi&

513 2290 650 2332 renensee
670 2272 864 2331 reductorum.

396 2452 465 2534 [ap]
1042 2441 1206 2517 .eecxxiiij⁰.‘
1229 2441 1329 2499 floren.
1358 2441 1441 2518 parui

513 2594 633 2656 Summe
661 2557 700 2632 --
739 2595 802 2655 euri
833 2595 943 2672 recepti
977 2595 1013 2653 de
1040 2544 1086 2664 ll:
1108 2544 1172 2602 Μ’
1188 2543 1231 2659 ,de
1253 2561 1349 2603 massa
1468 2563 1533 2603 aun

513 2695 590 2756 dictu
621 2696 734 2757 decime
760 2698 887 2758 eiusdem
919 2697 1013 2773 Regni
1039 2667 1095 2763 unp
1117 2648 1197 2721 Agm
1328 2746 1335 2760 .
1367 2745 1374 2759 .
1398 2746 1404 2760 .
1565 2747 1574 2761 .

512 2797 613 2858 Dacia·
1043 2770 1081 2828 ,ῃ
1106 2767 1195 2807 mare.
1219 2766 1285 2806 eum
1307 2747 1424 2806 dimedio
1442 2746 1494 2806 eol.
1508 2766 1576 2805 eurr

505 2864 508 2868 ’
1040 2852 1070 2910 in
1090 2870 1194 2911 messa.
1215 2848 1315 2926 pixide
1336 2848 1399 2909 euri
1415 2849 1445 2908 in
1468 2850 1575 2910 eadem

1039 2971 1152 3014 summe
1173 2960 1349 3029 computate.

283 3168 377 3207 contub.

385 3240 444 3317 xvj.
467 3258 555 3298 mere.
578 3248 692 3299 monete
714 3239 848 3313 sumine,
869 3239 985 3300 fuerunt
1007 3247 1182 3299 commutate
1208 3259 1261 3316 pro
1293 3269 1336 3279 —
1366 3240 1456 3316 mviij.
1480 3259 1573 3299 mere.

385 3344 451 3404 libr.
473 3343 513 3402 ix.
535 3340 588 3401 eol.
611 3350 640 3400 et
658 3341 705 3400 ix.
727 3342 791 3400 den.
812 3361 905 3420 gross.
927 3341 1139 3402 Turoneneium
1161 3360 1228 3401 eum
1251 3340 1277 3417 .j.
1307 3343 1453 3419 sterlingo.
1490 3361 1573 3401 eom-

387 3443 517 3520 putendo
539 3441 617 3521 xxij.
639 3462 726 3502 mere.
747 3462 812 3503 eum
835 3444 954 3503 dimidie
975 3445 1050 3505 dicte
1078 3453 1192 3503 monete
1224 3442 1349 3504 Sueuiee
1381 3464 1434 3521 pro
1457 3444 1483 3520 .j.
1503 3444 1571 3504 libr.

387 3562 561 3621 grossorum.

471 3647 546 3705 Item
567 3647 695 3722 Recepte
718 3645 754 3703 de
776 3645 853 3705 dicte
874 3647 988 3706 decima
1008 3648 1038 3705 in
1059 3647 1161 3706 eodem
1180 3648 1282 3723 Regno
1297 3644 1573 3721 Suenieulj.mare.

331 3785 333 3789 ν
387 3749 500 3825 argenti
522 3748 659 3824 ponderis
681 3747 831 3808 Snereneis
863 3777 903 3787 -
931 3758 1105 3809 commutate
1137 3749 1252 3808 luerunt
1282 3770 1336 3827 pro
1357 3778 1399 3788 —
1420 3749 1486 3826 xiij.
1507 3747 1573 3808 libr.

386 3850 457 3927 xiiij.
478 3851 531 3910 eol
553 3860 583 3909 et
603 3849 649 3926 iij.
671 3850 735 3908 den.
757 3851 1083 3926 groseTuronensium.
1105 3851 1299 3927 computando
1322 3871 1409 3910 merc.
1433 3870 1495 3928 arg.
1516 3870 1572 3929 pro

388 3952 523 4029 ‚iiijusot
546 3961 575 4011 et
596 3952 643 4029 iij.
667 3952 722 4011 den
742 3971 834 4029 grues.
858 3952 1079 4012 Turonensium.

471 4054 547 4113 Item
568 4053 684 4114 fuerunt
706 4055 742 4113 de
764 4052 875 4113 decime
896 4055 1064 4130 supradicta
1080 4054 1208 4113 eiusdem
1220 4053 1316 4130 Regni
1327 4053 1431 4116 Sueeie
1440 4055 1574 4133 Recepto

389 4185 429 4196 ·-
452 4175 510 4215 .xx.
532 4155 595 4215 libr.
618 4165 647 4214 et
666 4155 733 4233 .xvj.
757 4156 821 4215 den.
842 4175 934 4232 groee.
955 4155 1176 4217 Turonensium.

471 4258 546 4316 Item
566 4258 695 4333 Recepte
717 4257 753 4316 de
775 4257 888 4318 decimu
909 4267 1068 4317 memorate
1088 4257 1117 4315 in
1149 4259 1226 4317 dieto
1259 4259 1362 4334 Regno
1394 4257 1499 4319 Suecie
1533 4258 1574 4335 .ij.

364 4359 451 4418 libr.
474 4368 503 4418 et
524 4359 573 4434 .xj.
602 4358 654 4418 eol.
684 4358 896 4436 sterlingorum,
929 4368 1104 4418 commutate
1134 4355 1260 4419 fuerunt
1280 4379 1334 4436 pro
1356 4389 1392 4399 -
1416 4360 1494 4437 xvij.
1517 4361 1572 4420 sol.

387 4479 479 4536 grues.
503 4460 724 4520 Turoneneium.
757 4462 952 4537 computando
980 4461 1027 4538 iij.
1054 4461 1107 4521 sol.
1141 4461 1344 4539 sterlingorum
1375 4482 1428 4539 pro
1463 4461 1489 4538 .j.
1518 4463 1572 4522 sol.

386 4580 477 4638 grone.
499 4550 722 4621 Turonensium.
