3584 5625
1444 730 1509 770 lelss'l.
1519 742 1537 769 ι,

1445 793 1464 821 er
1481 782 1529 820 rbe-

1450 834 1538 871 nineven.

249 872 321 944 llee
348 883 422 944 sunt
448 872 617 967 deperdita
644 894 703 967 per
730 895 783 943 me
809 871 939 941 Petrum
967 871 1118 962 Gernasij
1154 874 1185 941 in
1216 872 1433 958 negociorum
1452 882 1541 923 mera.

597 994 838 1086 proseeucione
864 989 1096 1084 predictorum.

335 1168 424 1226 Anno
448 1164 496 1222 dni
520 1173 570 1222 .m⁰.
593 1171 657 1224 oeci
678 1163 762 1239 xxxjr
784 1164 830 1220 die
853 1162 909 1238 .vjl¹
927 1162 1062 1223 Octobris
1085 1162 1161 1220 exiui
1184 1161 1330 1220 ciuitatem
1362 1160 1437 1219 Ros·

250 1269 408 1327 kildensem
429 1267 466 1325 ed
489 1267 647 1324 notandum
669 1267 745 1323 bona
767 1265 815 1323 dni
839 1263 978 1325 Skelmeri
1001 1264 1110 1321 dudum
1132 1263 1276 1339 Prepositi
1301 1261 1436 1320 Roekild-

252 1370 328 1429 ensis
352 1378 380 1440 et
401 1368 563 1427 collectoris
586 1367 695 1423 decime
717 1365 882 1425 sexannalis
904 1366 973 1440 quie
984 1383 1037 1441 pro
1049 1365 1098 1421 illo
1110 1364 1206 1423 nullus
1218 1364 1335 1421 uolebat
1345 1361 1439 1421 iacere

252 1471 421 1529 caucionem
445 1481 473 1528 et
494 1468 590 1528 inueni
606 1467 802 1526 Theotuniaos
813 1487 864 1525 sen
876 1466 1057 1524 Alamannos
1080 1466 1270 1523 distrahentes
1292 1445 1342 1521 illa
1363 1466 1440 1523 bone

252 1572 380 1648 quinon
403 1574 536 1630 obstante
558 1569 704 1629 conductu
727 1568 776 1624 dni
797 1568 940 1627 «Iohannis
963 1567 1075 1626 comitis
1098 1567 1246 1626 Holtseoie
1268 1577 1344 1624 terre
1363 1564 1439 1623 illius

252 1672 398 1733 Sialandie
422 1651 567 1748 capitanei
590 1669 812 1745 captiuauerunt
834 1690 879 1727 me
902 1679 930 1727 et
952 1669 1099 1745 captiuum
1128 1669 1272 1726 duxerunt
1293 1687 1351 1726 vna
1373 1686 1439 1725 cum

252 1774 360 1832 familia
382 1793 447 1832 mea
468 1792 521 1850 per
542 1774 600 1832 duo
621 1771 749 1829 Miliaria
770 1791 861 1849 nsque
884 1773 921 1829 ad
944 1782 1069 1831 castrum
1092 1769 1239 1828 Helnense
1268 1778 1297 1827 et
1328 1767 1439 1843 perdidi

253 1895 341 1933 vnum
363 1874 599 1951 superpelliciam
624 1885 652 1932 et
673 1873 825 1932 almuciem
850 1874 974 1933 coralem
995 1872 1138 1932 Iohannis
1158 1871 1271 1946 Notarij
1295 1871 1361 1943 mei,
1388 1888 1439 1927 va·

252 1976 320 2036 loris
345 2002 380 2013 -
406 1996 442 2035 .v.
463 1976 515 2034 sol.
537 1994 628 2051 gross.
652 1972 889 2034 Turonensium¹.
1519 1957 1523 1965 ¹

336 2078 412 2137 Item
434 2098 510 2136 anno
533 2078 582 2135 dni
605 2085 654 2135 .m⁰.
677 2077 741 2135 eccl
763 2077 856 2153 xxxijl
879 2078 927 2136 dia
948 2078 1025 2153 .vijn·
1041 2076 1218 2154 Septembris
1236 2074 1314 2133 exiui
1329 2073 1441 2132 Lundis
1486 2118 1490 2127 .

253 2190 281 2239 et
302 2180 343 2238 iui
365 2199 467 2238 uersus
490 2178 625 2239 Sueaiam
649 2189 677 2236 et
698 2189 828 2238 mortuus
849 2178 902 2237 fuit
922 2179 990 2237 milri
1017 2199 1091 2238 vnus
1123 2178 1213 2254 *equs
1247 2178 1275 2236 in
1309 2176 1359 2234 uia
1380 2175 1440 2247 illa,

254 2301 339 2358 quem
362 2300 486 2339 emeram
509 2280 620 2339 [tundis
641 2300 694 2357 pro
716 2309 758 2318 -
780 2301 818 2339 .x.
841 2281 893 2339 sol.
916 2293 944 2339 et
967 2283 1013 2359 .vj.
1034 2283 1098 2339 den.
1111 2302 1201 2357 gross.
1214 2277 1439 2340 Turonensium.

337 2384 412 2441 Item
434 2401 510 2439 anno
533 2382 581 2439 dni
604 2389 654 2439 .rn⁰.
676 2390 740 2440 ecel
767 2382 872 2458 xxxiijl
905 2384 951 2440 die
982 2384 1069 2459 .xiiij‘.⁸
1095 2382 1185 2458 Junij.
1221 2380 1315 2440 remisi
1349 2397 1441 2453 equos

253 2502 334 2543 meoe
356 2485 384 2541 in
405 2483 530 2541 Daciam
554 2484 622 2559 quia
644 2484 772 2560 oportuit
793 2504 839 2541 me
862 2485 902 2543 ire
933 2485 1098 2560 nauigando
1132 2484 1159 2539 in
1192 2482 1381 2558 Norwegiam
1413 2489 1442 2536 et

253 2606 310 2644 non
333 2586 415 2664 potui
438 2585 516 2661 ipsos
541 2604 631 2661 equos
654 2586 779 2644 uendere
801 2595 830 2643 et
851 2585 961 2662 perdidi
985 2606 1020 2644 .v.
1041 2586 1076 2643 de
1109 2585 1149 2644 eis
1182 2587 1219 2642 ad
1248 2585 1377 2642 valorem
1401 2610 1442 2620 -
1497 2603 1500 2612 ·

254 2687 280 2744 l.
302 2686 355 2746 sol.
379 2705 470 2763 gross.
492 2687 715 2746 Turonensinm.

340 2787 415 2848 Item
438 2807 513 2849 anno
536 2789 584 2848 dni
606 2798 656 2846 mr!
678 2796 743 2849 ooo‘!
763 2789 878 2866 xxxiiijl
901 2788 946 2847 die
969 2788 1036 2865 .iiijr
1053 2788 1133 2864 Meij.
1167 2789 1207 2849 fui
1238 2787 1382 2865 spoliatus
1412 2785 1441 2846 in

254 2902 332 2950 terra
355 2891 492 2950 comitum
514 2891 638 2951 Gerardi
671 2901 699 2950 et
720 2892 861 2952 Jobannis
881 2892 911 2949 in
930 2891 1080 2950 Holtsaeia
1101 2912 1153 2968 per
1175 2902 1275 2968 gentes
1298 2891 1442 2949 dictorum

255 2993 401 3066 comitum,
423 3003 451 3051 et
473 2993 584 3068 perdidi
607 2994 698 3069 primo
721 2994 790 3071 .iiijr
804 3014 894 3071 equos
928 2995 1055 3053 ductoris
1089 2994 1143 3052 mei
1178 3004 1207 3052 et
1238 2993 1311 3051 duos
1340 3009 1442 3050 saccos

254 3095 356 3170 plenos
377 3095 506 3153 uestibus
528 3115 580 3172 pro
609 3095 713 3171 quibus
746 3097 820 3156 solui
859 3126 887 3136 --
926 3096 971 3173 .iij.
1003 3096 1067 3155 libr.
1100 3074 1166 3155 enm
1190 3094 1317 3174 ‚dimidia
1349 3111 1442 3170 gross.

255 3196 479 3255 Turonensium.

337 3297 414 3356 Item
437 3298 550 3375 perdidi
572 3299 601 3356 in
624 3310 727 3374 parate
747 3301 870 3376 pecunie
893 3329 932 3338 -
956 3299 1001 3374 .vj.
1022 3299 1085 3357 libr.
1115 3319 1180 3357 eum
1214 3297 1331 3355 dimidia
1352 3316 1445 3374 gross.

256 3398 478 3459 Turonensium.

339 3501 411 3558 Item
434 3500 546 3576 perdidi
569 3499 616 3575 .vj.
639 3502 782 3560 eooleerio
803 3504 924 3579 argenti,
945 3501 1052 3560 valoris
1074 3530 1114 3540 -
1139 3500 1444 3577 .iij.s01.gr0ss.Tur-

255 3597 446 3660 renensium.2

306 3742 308 3747 »
339 3703 415 3762 Item
436 3703 547 3779 perdidi
570 3704 745 3763 lectisternia
767 3725 839 3763 mea.
861 3706 996 3764 videlieet
1020 3705 1090 3781 ‚iiije
1107 3705 1286 3763 linthiamina
1308 3703 1346 3779 .ij.
1375 3723 1443 3763 ooo·
1457 3735 1541 3776 sorge...

257 3804 383 3881 pertoria
404 3815 433 3863 et
454 3824 541 3863 vnam
563 3805 664 3864 sellam
686 3806 753 3882 equi
776 3827 840 3866 cum
863 3807 952 3866 irene.
985 3808 1093 3867 valoris
1132 3837 1161 3845 ·-
1200 3828 1236 3867 .v.
1270 3806 1320 3865 sol.
1353 3825 1446 3884 gross.

258 3905 482 3979 Turonensium

341 4008 414 4067 Item
435 4008 585 4067 Johannes
608 4008 729 4067 elericos
751 4019 780 4068 et
797 4011 937 4070 Notarius
960 4032 1039 4070 meus
1062 4032 1096 4069 ae
1108 4010 1309 4069 Henniehinus
1320 4009 1446 4069 lemnius

258 4119 456 4168 remanserunt
478 4128 543 4167 cum
567 4110 648 4186 equis
671 4112 740 4170 meis
757 4114 926 4190 Hamborgh
948 4115 977 4171 in
997 4114 1154 4172 Alamania
1176 4133 1241 4171 cum
1264 4131 1318 4187 ego
1338 4111 1447 4170 recessi

260 4228 323 4265 oum
347 4210 721 4286 pecunijsadFlendriam
744 4223 858 4273 etcum
882 4216 1048 4291 posuissunt
1069 4236 1100 4275 se
1132 4217 1170 4274 ad
1203 4235 1281 4272 mare
1313 4213 1343 4269 in
1375 4211 1446 4269 naui

260 4308 372 4368 luerunt
394 4312 508 4387 spoliati
532 4322 560 4369 et
582 4314 659 4389 eapti
681 4325 854 4390 pergentes
877 4316 988 4375 comitis
1011 4316 1138 4377 Gerardi
1166 4318 1202 4373 de
1234 4317 1386 4376 Holtsaoia
1419 4326 1448 4374 et

262 4412 446 4486 perdiderunt
467 4413 639 4490 .iiij⁰.¹equos
662 4435 741 4474 meos
763 4418 798 4474 de
820 4418 925 4492 quibus
948 4438 1012 4477 eum
1036 4420 1132 4478 multis
1153 4420 1301 4479 laboribus
1332 4431 1361 4478 et
1393 4438 1446 4477 ex·

305 4605 383 4662 ¹Her
400 4628 428 4663 er
445 4613 577 4718 iuMergen
595 4617 653 4665 med
670 4631 702 4666 en
720 4619 803 4667 auden
821 4617 914 4668 Heand
929 4618 1039 4682 tiliajet.
1067 4618 1182 4682 „terenda
1208 4618 1238 4669 de
1263 4620 1368 4670 omnibus
1397 4635 1441 4683 que

309 4707 445 4762 aequatur.

297 4774 304 4805 ¹
322 4781 353 4830 Η.
373 4790 391 4834 t,
412 4778 479 4846 [apl
500 4783 604 4835 Summe
622 4787 696 4836 huius
713 4788 805 4851 pagine
824 4812 855 4820 -
875 4789 939 4905 .i'riij.
958 4789 1019 4870 libr..
1033 4789 1085 4852 viij.
1103 4790 1148 4838 sol.
1167 4805 1234 4839 cum.
1245 4791 1352 4841 dimidio
1366 4807 1447 4855 grose.

904 4873 1072 4908 uronensrum.
