3584 5625
864 489 921 549 159

298 682 363 725 terre
381 680 469 725 sancte
487 674 600 724 subsidio
618 675 746 736 deputate.
765 672 873 722 salutem
892 681 918 722 et
934 672 1103 736 apostolicam
1121 674 1330 725 benedictionem.
1376 675 1441 726 Cum
1460 684 1483 725 te

298 760 330 809 ad
356 773 463 821 regnum
487 756 618 822 Norweye.
648 757 785 807 commisso
804 756 848 805 tibi
866 771 912 820 per
929 764 1029 806 nostras
1047 759 1094 806 snb
1112 767 1181 808 certa
1199 758 1281 810 iormn
1298 761 1397 810 litteras
1414 759 1484 809 colli-

297 943 354 978 mus
371 934 398 976 et
414 941 460 992 per
477 927 620 991 apostolica
637 927 682 976 tibi
700 927 795 990 scripta
813 926 925 975 districte
937 927 1099 990 precipiendo
1111 930 1260 978 mandamus
1270 936 1393 992 quatenus
1404 936 1485 980 totam

297 1013 431 1076 pecuniam
450 1026 525 1075 quarn
544 1012 574 1061 de
592 1013 707 1076 predicta
725 1010 830 1069 decima,
848 1010 948 1074 legatis,
967 1013 1181 1075 redemptionibus
1209 1024 1336 1075 uotorum,
1353 1013 1485 1064 obueutlo·

298 1097 371 1147 nibus
390 1096 588 1159 quibuscunque,
607 1104 633 1145 ct
658 1095 716 1158 alijs
743 1095 809 1144 dictc
840 1095 1000 1145 subueutioni
1031 1099 1166 1159 concessis,
1195 1098 1329 1149 collectam
1358 1098 1485 1148 inueneris

298 1196 423 1245 quumque
441 1181 562 1244 colligere
580 1188 604 1230 te
623 1180 759 1242 contigerit
776 1180 808 1228 de
826 1180 929 1240 eisdem,
948 1180 1045 1230 dilectis
1063 1181 1122 1243 lilijs
1141 1182 1252 1247 Aculino
1271 1183 1342 1234 Salui
1369 1184 1400 1232 de
1417 1181 1486 1230 Tho·

297 1264 371 1330 masij
390 1264 500 1330 Spillnti‚
519 1273 545 1314 et
562 1264 625 1328 Lapi
644 1261 745 1325 vgonis
763 1262 849 1328 Spine,
868 1279 898 1313 ac
922 1263 1108 1316 Jldebrandino
1134 1267 1263 1326 Brunecti‚
1282 1266 1420 1317 ducomino
1439 1266 1486 1315 Al·

297 1350 359 1412 iaui,
376 1352 483 1403 Perenni
501 1349 629 1400 Jobannis
648 1347 744 1408 Alfeni,
762 1348 854 1397 Brosio
873 1348 954 1407 Junci,
972 1358 998 1399 et
1016 1349 1129 1402 Johanni
1148 1350 1300 1402 Gualterotti
1328 1353 1358 1401 de
1377 1349 1486 1402 Aliano·

298 1452 354 1488 rum
371 1435 545 1493 societatibus,
563 1433 605 1483 nel
622 1433 749 1496 aliquibus
766 1447 811 1482 seu
829 1434 905 1482 alicui
924 1449 1010 1484 eorum
1035 1438 1106 1486 socio
1134 1438 1175 1486 uel
1202 1437 1361 1501 procuratori
1387 1436 1485 1486 ciuibus

298 1530 324 1572 et
341 1520 523 1570 mercatoribus
541 1518 695 1568 Florentinis
715 1520 746 1568 de
772 1533 879 1581 quorum
908 1519 1031 1570 fidelitate
1058 1521 1217 1581 confidimns,
1243 1522 1290 1570 bns
1317 1521 1362 1570 tibi
1388 1520 1486 1569 litteras

299 1603 479 1666 deferentibus,
496 1613 585 1654 nostro
603 1610 628 1652 et
646 1604 759 1652 eiusdem
777 1611 842 1652 terre
860 1611 948 1652 sancte
966 1605 1067 1654 nomine
1085 1607 1187 1656 sublato
1214 1606 1349 1656 cuiuslibet
1377 1603 1486 1656 difficul-

299 1691 359 1740 tatis
377 1689 512 1740 obstaculo
530 1689 661 1750 assignare
679 1695 704 1735 et
716 1690 843 1751 deponere
854 1702 985 1752 procures.
999 1691 1070 1753 equis
1089 1700 1176 1755 perte
1194 1692 1261 1741 inter
1278 1691 1413 1741 societates
1431 1705 1486 1740 eas-

300 1776 356 1825 dem
374 1775 533 1838 portionibus
551 1773 720 1833 diuidendam,
739 1788 813 1836 qnam
831 1774 930 1834 integre
948 1774 1020 1823 nobis
1038 1776 1080 1824 uel
1098 1777 1138 1824 cui
1156 1777 1361 1825 mandauerimns
1384 1775 1409 1823 in
1435 1774 1487 1824 Ro·

299 1874 376 1910 mana
392 1860 464 1909 curia
481 1860 592 1924 predicte
611 1866 676 1910 terre
693 1859 796 1908 nomine
826 1864 960 1906 teneantur
989 1859 1148 1921 integraliter
1176 1861 1306 1916 exhibere,
1332 1859 1428 1909 inciens
1456 1860 1488 1908 de

300 1945 473 2007 assignatione
491 1959 522 1994 ac
540 1944 699 2008 depositione
717 1942 862 1993 huiusmodi
880 1944 930 1992 dno
948 1942 1050 2007 publice
1073 1944 1166 1995 similia
1192 1946 1283 1995 confici
1307 1944 1488 2008 justrnmenta,

301 2044 407 2094 quornm
425 2028 534 2080 alterum
552 2030 596 2079 tibi
615 2030 731 2088 retineas,
750 2036 776 2076 et
793 2027 917 2090 reliquum
933 2029 1007 2077 nobis
1025 2029 1119 2079 mittes.
1162 2030 1198 2079 Et
1215 2029 1394 2079 nichilominus
1412 2029 1487 2078 nobis

300 2129 344 2179 per
361 2121 419 2165 tuas
436 2115 535 2166 litteras
553 2114 697 2178 frequenter
714 2114 827 2161 insinues
846 2114 906 2175 qnid
924 2121 1046 2177 quantum
1064 2123 1090 2162 et
1108 2115 1209 2177 quando
1222 2116 1252 2164 de
1266 2116 1372 2173 decima,
1386 2114 1487 2177 legatis,

302 2199 506 2260 obtentionibus,
525 2208 551 2249 et
567 2199 625 2262 alijs
643 2198 794 2263 supradictis
812 2198 961 2262 deposueris
980 2208 1005 2248 et
1022 2199 1193 2262 assignaueris
1211 2198 1317 2263 prelatis
1342 2200 1488 2248 mercatori·

301 2284 347 2334 bns
364 2292 410 2336 aut
427 2285 539 2349 ipsorum
557 2284 634 2333 alicui
652 2284 693 2333 nel
711 2286 781 2333 socio
798 2298 845 2347 pro
864 2284 967 2332 eisdem.
1008 2284 1105 2332 Datum
1123 2284 1204 2333 Rome
1223 2286 1291 2348 apud
1309 2292 1424 2334 sanctam
1442 2282 1488 2333 Sa-

301 2367 387 2420 binam
404 2368 456 2420 kal.
475 2368 628 2419 Nouembris
646 2369 809 2432 pontificatus
827 2368 909 2417 nostri
927 2383 995 2417 anno
1014 2368 1104 2431 primo.

646 2452 710 2498 (trab.
726 2452 767 2491 Vnt.
781 2452 827 2500 ¹¹08·
842 2454 911 2491 liunor.
926 2452 955 2491 lv,
971 2464 1001 2489 su.
1017 2452 1028 2489 1.
1045 2462 1073 2500 ep.
1089 2448 1141 2495 bib).

652 2676 701 2736 35.
750 2675 837 2734 1285.
885 2679 945 2734 lste
967 2676 1144 2735 November.

369 2792 499 2844 Honorius
517 2792 652 2858 episcopus
671 2808 691 2842 s.
710 2807 729 2841 a.
748 2793 773 2841 d.
792 2791 923 2842 carissimo
941 2794 966 2841 in
984 2792 1089 2844 Christo
1106 2792 1159 2844 filio
1178 2830 1184 2842 .
1203 2829 1209 2840 .
1228 2792 1282 2855 regi
1295 2792 1382 2843 Suetie
1397 2791 1491 2843 illustri
1522 2763 1529 2775 ’

303 2878 410 2928 salutem
429 2879 471 2928 bc.
507 2875 611 2937 Quanto
629 2877 719 2926 maiori
737 2876 830 2926 effectu
849 2875 949 2928 felicem
967 2880 1152 2941 promotionem
1179 2878 1274 2940 negotij
1306 2886 1372 2927 terre
1400 2885 1489 2928 sancte
1570 2896 1577 2915 =·

304 2963 445 3014 desiderare
463 2971 488 3012 tc
506 2962 641 3020 credimus,
659 2968 732 3011 tauto
750 2962 863 3013 securius
881 2963 1058 3013 celsitudinem
1076 2965 1171 3026 regiam
1187 2963 1317 3027 pulsamus
1330 2962 1455 3026 precibus,
1465 2970 1491 3012 et

304 3046 394 3097 fiducia
412 3047 561 3111 requirimus
585 3045 701 3110 ampliori
719 3061 794 3111 super
811 3046 860 3110 hijs
879 3063 927 3111 qne
945 3050 1077 3111 negotium
1094 3049 1177 3112 ipsum
1195 3050 1344 3111 contingere
1355 3047 1491 3097 dinoscun-

304 3139 351 3181 tur.
387 3130 453 3183 Cnm
470 3133 556 3197 itaque
574 3131 616 3180 dil.
634 3131 714 3181 filium
733 3131 917 3195 Huguitionem
934 3134 1072 3199 plebanum
1088 3134 1169 3198 plebis
1188 3134 1218 3182 de
1244 3132 1400 3183 Castellione
1426 3131 1491 3180 Are·

303 3216 354 3268 tine
372 3216 481 3267 diocesis
499 3217 658 3282 capellanum
682 3224 806 3277 nostrum,
824 3218 933 3268 latorem
952 3220 1114 3282 presentium,
1133 3220 1166 3267 ad
1196 3232 1301 3281 regnum
1330 3216 1417 3281 Suetie
1445 3231 1491 3280 pro

303 3301 408 3365 negotio
425 3302 523 3352 decime
540 3308 606 3351 terre
624 3308 712 3350 sancte
729 3302 756 3349 in
773 3316 853 3364 regno
871 3303 927 3367 ipso
945 3303 1106 3352 subuentioni
1117 3317 1246 3364 concesse,
1256 3309 1357 3366 sumpta
1371 3302 1402 3350 de
1412 3301 1490 3365 ipsius

303 3385 437 3451 multiplici
453 3386 581 3451 probitate
599 3386 692 3435 fiducia
710 3370 871 3436 destinemus.
900 3387 1088 3437 Excellentiam
1106 3390 1203 3450 regiam
1220 3402 1341 3451 rogamus
1360 3394 1385 3436 et
1403 3387 1491 3436 horta-

303 3485 360 3520 mur
376 3460 403 3519 in
421 3470 532 3532 domino,
550 3478 673 3534 quatenus
690 3486 737 3536 pro
756 3473 843 3520 diuina
860 3480 886 3520 et
904 3472 1044 3536 apostolice
1074 3472 1139 3521 sedis
1167 3487 1197 3522 ac
1226 3481 1313 3521 nostra
1341 3472 1491 3531 reuerentia,

303 3555 446 3621 predictum
462 3556 600 3619 plebanum
617 3556 714 3605 habens
732 3554 865 3619 benignius
883 3558 1096 3616 commendatum,
1115 3557 1164 3607 sibi
1182 3572 1257 3622 snper
1279 3555 1407 3620 premissis
1434 3569 1491 3604 cum

303 3640 335 3690 ab
353 3629 384 3691 eo
403 3639 481 3690 fueris
499 3641 642 3704 requisitus,
662 3639 724 3703 regij
743 3639 838 3690 fauoris
856 3642 981 3691 auxilium
999 3642 1123 3705 largiaris,
1142 3643 1164 3691 ei
1187 3643 1219 3691 de
1245 3655 1335 3690 securo
1363 3641 1492 3690 conductu

304 3726 335 3775 de
351 3724 509 3789 benignitate
526 3726 597 3789 regia
614 3727 770 3787 pronisnrus,
787 3726 823 3775 its
840 3727 907 3790 qnod
925 3727 991 3776 idem
1009 3727 1133 3790 plebanus
1157 3726 1228 3790 regio
1253 3724 1344 3774 iauore
1365 3722 1492 3785 suffultus,

303 3809 459 3860 fructuosius
476 3818 502 3859 et
519 3809 647 3860 efficacius
664 3811 758 3860 babere
777 3826 804 3861 se
822 3812 909 3860 ualeat
925 3813 951 3861 in
968 3812 1017 3860 hec
1034 3818 1115 3876 parte,
1133 3819 1210 3874 tuque
1222 3810 1327 3874 proinde
1337 3809 1370 3858 ob
1380 3809 1492 3858 omnium
1547 3822 1549 3826 ·

304 3895 470 3946 retributione
487 3895 613 3944 bonorum
631 3895 759 3957 condigna
768 3897 865 3959 premis
876 3897 1047 3960 consequaris,
1060 3911 1090 3945 ac
1100 3910 1147 3945 nos
1159 3896 1227 3959 regie
1238 3894 1381 3944 deuotionis
1390 3909 1493 3959 promp-

304 3981 437 4030 titudinem
455 3993 507 4029 uon
524 3979 649 4030 immerito
667 3981 880 4030 commendemus.
915 3981 1013 4030 Datum
1037 3981 1119 4030 Rome
1145 3981 1213 4044 apud
1239 3991 1354 4029 sanctam
1372 3978 1493 4047 Sabinam

305 4064 355 4114 kal.
373 4064 527 4115 Nouembris
546 4065 709 4127 pontificatus
726 4067 807 4116 nostri
825 4080 891 4115 anno
909 4067 999 4131 primo.

372 4149 403 4199 ln
420 4151 529 4201 eundem
546 4151 650 4202 modum
669 4151 801 4201 carissimo
819 4151 845 4200 in
863 4150 967 4201 Christo
985 4151 1039 4199 filio
1058 4187 1064 4198 .
1083 4185 1089 4197 .
1108 4148 1163 4212 regi
1180 4148 1258 4198 Datie
1276 4148 1377 4198 illustri.

638 4233 702 4278 (Arcb.
718 4234 760 4275 Vnt.
775 4235 819 4283 lieu.
836 4237 903 4274 ileum.
919 4235 949 4273 lv.
965 4245 995 4275 nn.
1009 4235 1023 4274 l.
1037 4245 1066 4282 ep.
1080 4231 1119 4271 217
1132 4227 1166 4276 al.

655 4460 704 4518 36.
752 4460 840 4519 1285.
888 4461 949 4520 lste
970 4459 1146 4519 November.

374 4571 504 4623 Honorius
522 4574 656 4638 episcopus
675 4590 694 4623 s.
719 4590 739 4624 s.
759 4576 782 4624 d.
805 4576 991 4626 venerabilibus
1010 4574 1130 4626 iratribus
1148 4574 1271 4625 uniuersis
1288 4570 1495 4641 archiepiscopis,

309 4656 441 4723 episeopis,
459 4667 484 4707 et
502 4660 600 4708 dilectis
618 4660 677 4722 filijs
698 4660 840 4720 abbatibus,
858 4662 993 4725 prioribus,
1012 4662 1121 4723 decanis,
1139 4662 1333 4721 archidiaconis,
1350 4660 1495 4726 prepositis,

310 4743 532 4807 archipresbiteris,
551 4744 674 4808 plebanis,
692 4751 719 4794 et
736 4745 793 4808 alijs
811 4746 977 4795 ecclesiarum
994 4745 1107 4810 prelatis,
1124 4760 1224 4806 necnon
1243 4754 1269 4796 et
1288 4746 1415 4796 nobilibus
1428 4745 1495 4806 viris,

311 4827 424 4887 ducibus,
442 4829 640 4890 marr-hionibus,
659 4831 802 4891 comitibus,
819 4831 967 4889 baronibus,
992 4831 1123 4893 militibus,
1150 4832 1295 4896 prepositis,
1324 4829 1496 4892 comitatibus,
