3584 5625
933 471 972 531 bl

255 667 346 708 btv-t
441 656 514 716 Item
548 656 733 735 deposuimus
765 677 854 735 penes
887 657 1050 728 Amaldum
1083 658 1120 717 de
1148 658 1332 730 Bossonesi0‚
1354 668 1547 719 mercatorem

354 756 609 835 Montispessulani
631 786 672 796 -
697 758 741 846 djt
763 778 850 819 merc.
872 779 964 836 parue
995 758 1118 836 pecunie
1147 745 1304 819 Noricane.
1346 760 1406 818 Pro
1439 760 1547 837 quibus

355 858 455 917 debuit
475 860 589 920 soluere
611 859 713 936 Bergis
734 860 763 919 in
790 859 862 919 festo
881 860 960 920 beati
991 859 1127 920 Iohannis
1154 860 1280 920 babtists
1311 861 1446 938 proximo
1477 881 1546 938 pre·

354 959 439 1017 terito
464 991 498 999 -
521 959 567 1035 iij.
588 962 640 1019 sol.
662 961 740 1019 sterl.
760 981 813 1038 pro
834 933 1086 1038 qualibet‘marea
1109 988 1144 999 -
1169 962 1278 1020 Valent
1296 980 1377 1020 m.
1388 961 1452 1022 libr.
1464 963 1545 1022 sterl.

439 1061 512 1119 Item
536 1062 721 1137 deposuimus
744 1082 832 1140 penes
854 1065 922 1121 dhm
945 1064 1095 1121 Annonem
1123 1063 1293 1122 canonicum
1326 1063 1547 1123 Nidrosiensem
1608 1091 1624 1100 ··

358 1192 393 1200 —
418 1181 475 1220 χχ.
497 1181 586 1222 merc.
607 1182 698 1240 parue
720 1162 843 1240 pecunie
864 1164 1011 1224 Noricene
1032 1192 1074 1202 -
1096 1163 1155 1222 Pro
1177 1165 1282 1239 quibus
1303 1164 1403 1223 debuit
1429 1165 1546 1225 soluere
1618 1227 1620 1232 ,

355 1262 457 1339 Bergis
478 1263 507 1321 in
529 1264 607 1325 dicto
629 1264 701 1324 festo
722 1266 815 1325 sancti
848 1264 985 1325 Iohannis
1015 1264 1140 1324 babtiste
1172 1265 1220 1341 dij.
1253 1266 1306 1324 sol.
1340 1266 1545 1342 sterlingorum

355 1383 407 1440 pro
428 1364 557 1440 quelibet
578 1385 678 1426 marca
700 1394 740 1407 ·-
762 1367 872 1427 Valent
894 1366 944 1425 lx.
966 1365 1020 1426 sol.
1039 1366 1117 1425 sterl.

355 1585 442 1624 marc.
464 1577 578 1646 monete
599 1569 747 1629 Noricene
768 1599 808 1608 -
831 1588 884 1645 pro
905 1568 1011 1645 quibus
1032 1568 1165 1647 deposuit
1197 1569 1225 1626 in
1259 1569 1391 1629 sacristia
1422 1570 1547 1630 ecclesie

355 1667 510 1743 Bergensis
532 1671 654 1748 pignore
675 1682 821 1748 argentea.
843 1680 872 1750 et
892 1670 992 1729 debuit
1019 1669 1134 1729 soluere
1164 1670 1268 1746 Bergis
1298 1672 1327 1729 in
1359 1672 1438 1732 dicto
1471 1671 1546 1731 festo

355 1770 445 1828 suncti
464 1771 601 1830 Iohannis
622 1800 663 1812 -
685 1772 724 1848 iij.
736 1772 787 1832 sol.
805 1754 1006 1847 sterlingorum
1024 1790 1077 1847 pro
1100 1772 1229 1858 qualibet
1250 1792 1350 1832 marca
1372 1802 1411 1812 -
1434 1773 1548 1832 Valent

355 1870 445 1946 lxxij.
470 1872 522 1931 sol.
543 1873 756 1951 sterlingorum.

439 1973 513 2033 Item
536 1975 720 2051 deposuimus
743 1995 830 2053 penes
852 1976 1047 2034 Raimundum
1071 1976 1106 2032 de
1129 1974 1259 2056 Lamenu¹
1281 1977 1317 2034 de
1339 1977 1545 2052 Montepessu·

354 2073 432 2146 lano,
453 2055 636 2135 domicellum
659 2078 736 2153 regis
755 2076 913 2153 Norwegic
936 2077 982 2134 .vi.
1004 2077 1136 2135 marchas
1157 2076 1193 2151 ,ij.
1215 2076 1314 2136 vncius
1337 2087 1366 2137 et
1388 2076 1424 2153 tj.
1437 2077 1545 2136 tereios

355 2176 438 2233 vncie
460 2196 551 2253 paruo
571 2189 685 2237 monete
707 2179 862 2238 Noricune.
885 2197 939 2255 pro
960 2180 1066 2255 quibus
1099 2178 1200 2236 debuit
1231 2177 1345 2237 soluere
1377 2178 1480 2255 Bergis
1513 2179 1545 2236 in

281 2295 286 2307 ¹
316 2346 319 2349 Α
356 2276 433 2335 dieto
452 2278 525 2339 festo
547 2281 639 2338 sancti
662 2279 799 2339 Iohannis
821 2279 867 2338 dii.
889 2278 997 2339 solidos
1007 2278 1210 2355 sterlingorum
1223 2297 1276 2356 pro
1292 2280 1422 2356 qualibet
1433 2299 1543 2339 marca.

355 2407 397 2418 -
418 2379 527 2439 Valent
549 2380 618 2438 .χίχ.
639 2381 691 2441 sol.
712 2381 924 2457 sterlingorum.

439 2481 514 2540 Item
535 2481 720 2559 deposuimus
740 2473 845 2558 ¹Bergis
867 2482 896 2540 in
917 2480 1049 2540 sacristia
1071 2479 1192 2539 ecclesie
1213 2481 1370 2558 Bergeusis
1386 2482 1455 2541 .χίχ.
1467 2500 1544 2540 mar·

356 2577 557 2660 ehas'argenti
579 2584 616 2642 ad
638 2583 752 2660 pondus
770 2583 959 2642 Noricanum.
993 2602 1067 2658 quas
1099 2582 1219 2642 emimus
1241 2585 1277 2643 de
1299 2583 1397 2659 lxxvj.
1419 2584 1547 2643 marchis

356 2702 447 2758 perus
468 2693 582 2743 monete
603 2685 759 2757 Noricam,
783 2693 952 2762 computata
973 2684 1102 2761 qualibet
1124 2702 1223 2743 marca
1252 2684 1364 2760 urgenti
1398 2703 1450 2762 pro
1473 2684 1546 2759 ‚riiju

356 2802 443 2844 marc.
465 2804 556 2862 perus
577 2795 690 2846 monete
711 2786 866 2847 Noricane.
1512 2858 1514 2862 .

440 2887 486 2945 Dc
508 2887 644 2964 predictis
666 2887 802 2965 depositis
824 2889 934 2965 recepit
949 2888 1140 2948 instrumenta
1157 2887 1243 2963 Mag&
1265 2885 1365 2947 Guido
1376 2887 1412 2946 de
1424 2889 1542 2946 Aueuu.

533 3107 654 3168 Summe
674 3109 870 3183 depositorum
893 3107 998 3184 pagine
1020 3134 1059 3145 ·-
1082 3105 1134 3182 ‚iije
1154 3107 1234 3164 xxvi.
1263 3125 1352 3165 marc.
1378 3105 1406 3174 ii.
1428 3125 1493 3164 vue.
1519 3105 1546 3180 ij.

929 3191 1009 3266 tercij
1031 3191 1116 3250 vncie
1137 3209 1229 3268 parue
1251 3200 1365 3250 monete
1386 3190 1545 3249 Noricene.
1589 3269 1592 3273 Δ

1166 3274 1236 3333 .χίχ.
1259 3294 1349 3334 marc.
1372 3275 1485 3351 argenti
1508 3275 1547 3333 ad

1206 3361 1320 3436 pondus
1352 3360 1547 3418 Noricanum.

1165 3444 1274 3520 mvj.
1306 3443 1372 3503 libr.
1406 3444 1456 3519 xij.
1489 3444 1544 3503 sol.

1205 3529 1417 3604 sterlingorum.

400 3322 465 3403 [ap]
485 3431 487 3435 ·
534 3405 771 3467 Summevaloris
783 3406 925 3466 dictorum
942 3402 1137 3478 depositorum

533 3733 653 3794 Summe
673 3734 857 3795 Summarum
878 3732 1021 3790 dictorum
1044 3731 1243 3808 depositorum
1278 3731 1314 3788 de
1341 3740 1458 3789 moneta
1481 3731 1545 3789 No-

575 3835 674 3894 ricena
696 3842 738 3893 est
763 3864 798 3872 -·
825 3833 871 3911 eju
894 3831 936 3906 vjt
958 3832 1038 3890 lxxv.
1063 3851 1152 3891 marc.
1176 3832 1214 3890 vi.
1239 3851 1304 3890 vno.
1327 3850 1392 3890 cum
1414 3833 1474 3890 xvi.
1494 3833 1545 3890 de-

575 3935 670 4012 narijs.

400 3981 465 4062 lant
558 4033 561 4038 -

554 4141 675 4203 Summe
706 4140 814 4197 valoris
837 4038 898 4307 {m
921 4138 985 4197 libr.
1008 4139 1027 4195 i.
1050 4136 1102 4196 sol.
1125 4136 1164 4193 vi.
1188 4136 1253 4192 den.
1276 4135 1403 4212 sterling.
1421 4137 1542 4213 argentj.
1583 4146 1586 4151 ’

765 4259 766 4262 ’
863 4241 932 4297 .χίχ.
956 4258 1044 4297 mare.
1058 4238 1169 4313 argenti
1182 4237 1219 4295 ed
1230 4237 1343 4312 pondus
1352 4237 1544 4296 Noricanum.

440 4428 479 4486 Et
499 4427 541 4487 sic
562 4437 652 4486 restat
674 4429 710 4486 de
733 4427 856 4504 pecunia
876 4426 1026 4485 Noricana
1058 4423 1190 4482 deductis
1227 4423 1311 4481 dictis
1343 4423 1481 4500 depositis
1505 4460 1542 4469 -

798 4724 1100 4752 --·-··-,---·t·
