3584 5625
862 491 919 548 149

297 679 454 738 remanserit,
472 676 572 726 reddita
589 676 695 735 ratione,
714 682 740 723 et
759 679 881 737 quantum
894 688 945 733 ,por
964 679 988 721 te
1006 673 1032 720 iu
1049 672 1184 722 Franciam
1204 674 1397 730 transmittetur,
1410 674 1486 736 depo-

297 759 378 825 sitarij
396 777 457 812 vero
475 767 598 825 quantum
616 759 756 823 receperint
774 759 820 806 snb
841 766 884 806 tna
903 765 928 805 et
946 758 1091 806 eorumdem
1110 757 1288 821 episcoporum
1307 773 1336 805 ac
1354 759 1485 823 deposita-

297 849 392 904 riorum
410 846 501 909 sigillis
519 845 591 895 nobis
611 860 654 908 per
672 851 788 908 patentes
808 843 906 891 litteras
925 842 1179 906 plenarieintimetur
1188 850 1216 889 ut
1228 841 1263 891 sic
1276 857 1398 906 apparere
1406 846 1487 905 possit

297 930 459 997 adplenum,
479 945 511 980 an
530 938 618 990 totum,
637 931 705 993 quod
723 945 739 979 e
757 936 782 977 te
800 934 929 991 receptum
948 926 1188 990 tueritdeponatur.
1224 927 1320 977 Datum
1331 927 1409 975 Rome
1419 929 1486 988 apud

298 1025 414 1068 sanctum
432 1016 536 1065 Petrum
555 1032 585 1064 .v.
604 1017 660 1064 idus
679 1013 750 1076 Junij
770 1014 932 1077 pontificatus
951 1012 1031 1062 nostri
1049 1027 1118 1061 anno
1137 1011 1257 1061 secundo.

657 1094 722 1142 [arch.
741 1098 781 1136 Vnt.
797 1098 842 1144 lleg.
859 1098 899 1135 liic.
915 1096 943 1134 ΙΙΙ.
959 1106 989 1132 ιιι.
1004 1097 1022 1133 ll.
1039 1106 1068 1143 ep.
1084 1093 1133 1137 iitll.

705 1323 750 1380 17.
800 1320 886 1378 1279.
927 1319 1084 1378 edeJuni.
1166 1325 1168 1327 ’

365 1438 487 1492 Nicolaus
506 1440 640 1502 episcopus
658 1454 677 1487 s.
697 1454 716 1488 s.
736 1438 759 1486 d.
779 1437 872 1486 dilecto
891 1436 944 1485 lilio
956 1436 1079 1498 magistro
1092 1436 1235 1486 Bertrando
1247 1436 1370 1488 Amslrici
1381 1447 1427 1489 etc.
1438 1444 1486 1488 etc.

297 1524 406 1576 salntem
415 1532 462 1574 etc.
489 1523 574 1587 vaer
591 1538 625 1572 ex
643 1522 706 1572 serie
718 1522 862 1571 litterarum
874 1527 975 1570 tuarum
986 1522 1059 1570 nobis
1071 1521 1189 1583 innotuit,
1197 1524 1262 1586 quod
1271 1537 1328 1571 cum
1338 1522 1422 1572 clerici
1435 1525 1487 1574 eol-

297 1611 407 1661 lectores
426 1608 530 1669 decime,
548 1622 612 1671 quos
631 1608 655 1656 in
673 1607 751 1657 Datis
769 1613 795 1655 et
813 1604 899 1655 Suetie
917 1606 1002 1669 reguis
1021 1606 1165 1669 deputares,
1175 1609 1201 1657 in
1215 1608 1338 1671 quosdam
1346 1623 1378 1656 ex
1390 1608 1487 1658 clericis

297 1695 408 1746 ciuitatis
418 1693 548 1745 Scarensis
560 1708 607 1756 pro
617 1707 647 1742 eo
657 1694 723 1756 qnod
733 1691 858 1740 decimam
867 1691 1010 1739 reddituum
1023 1706 1128 1741 suornm
1137 1692 1366 1743 ecclesiasticorum
1377 1693 1486 1742 debitam

298 1779 411 1832 subsidio
430 1788 495 1828 terre
513 1785 600 1829 sancte
613 1777 726 1841 requisiti
745 1776 845 1826 soluere
864 1776 1033 1838 denegabant,
1044 1776 1315 1827 excommunicationis
1328 1778 1486 1835 sententiam,

298 1866 417 1928 exigente
434 1863 539 1920 iustitia,
557 1864 770 1927 promulgassent,
788 1861 870 1911 clerus
888 1862 1001 1910 eiusdem
1020 1862 1131 1911 ciuitatis
1155 1862 1180 1911 in
1206 1863 1308 1912 eosdem
1336 1863 1487 1911 collectores

298 1951 420 2016 impetum
438 1948 592 1999 unanimiter
610 1947 739 2006 iacientes,
759 1947 823 1995 adeo
843 1946 1006 1996 uehementer
1023 1954 1112 1996 contra
1130 1962 1174 1996 eos
1194 1946 1307 2010 gladium
1324 1948 1488 2010 exagitarunt
1568 1955 1571 1960 ·

299 2034 399 2096 turcus,
417 2035 486 2096 qued
503 2035 548 2098 uix
567 2033 644 2096 ijdem
662 2033 750 2083 mortis
768 2030 908 2097 periculum
927 2028 986 2092 iuge
1005 2032 1114 2095 presidio
1132 2038 1277 2091 euaserunt,
1293 2039 1369 2095 tuque
1387 2048 1418 2081 ex
1438 2033 1487 2081 hoc

298 2126 394 2170 terrore
411 2107 559 2182 perterritus
577 2118 676 2168 concite
694 2122 800 2167 coactns
819 2113 888 2164 fuisti
906 2116 1036 2164 ciuitatem
1054 2116 1193 2179 relinquere
1211 2125 1384 2166 memoratum.
1421 2115 1488 2177 Quia

298 2206 374 2269 igitur
392 2204 536 2255 huiusmodi
555 2203 751 2267 presumptionis
769 2214 888 2251 excessus
908 2200 1047 2250 dinoscitur
1069 2215 1120 2250 uon
1146 2203 1200 2250 siue
1225 2201 1318 2251 iniuria
1347 2203 1487 2266 apostolice

299 2290 364 2340 sedis
382 2296 409 2339 et
426 2289 577 2339 detrimento
595 2287 691 2351 negotij
711 2288 824 2337 eiusdem
842 2293 909 2335 terre
925 2293 1078 2350 presumtus,
1097 2286 1243 2335 discretioni
1265 2294 1308 2336 tue
1335 2302 1380 2351 per
1405 2299 1488 2351 apost.

300 2388 345 2424 scr.
365 2373 524 2433 mandamus,
543 2380 665 2436 quatenus
684 2373 780 2421 vocatis
799 2370 841 2434 qui
859 2370 953 2419 fuerint
970 2372 1095 2421 enecandi
1109 2372 1221 2436 inquiras
1242 2380 1333 2423 contra
1344 2374 1489 2423 huiusmodi

300 2473 449 2510 excessuum
479 2466 669 2523 presumptores
696 2457 842 2521 diligentins
869 2461 1010 2521 teutatem,
1037 2465 1075 2506 et«
1089 2459 1110 2506 si
1135 2458 1312 2509 malefactores
1338 2459 1415 2522 ipsos,
1446 2459 1488 2521 qui

299 2559 406 2608 magnos
425 2543 606 2594 commiserunt
624 2557 752 2605 excessus,
771 2544 816 2594 tibi
834 2545 978 2594 constiterit
990 2558 1086 2609 paucos
1099 2543 1298 2608 esse‚predictos
1311 2542 1488 2594 malefactores

300 2644 330 2679 ex
348 2636 421 2694 parte
439 2636 528 2678 nostra
545 2629 696 2692 peremtoria
714 2628 792 2677 citare
817 2645 947 2694 procures,
976 2636 1005 2679 ut
1032 2627 1100 2678 inira
1128 2628 1264 2678 terminum
1293 2636 1488 2692 competentem,

299 2730 372 2778 quem
390 2716 426 2764 eis
444 2714 476 2763 ad
494 2715 543 2764 hoe
560 2713 728 2778 peremptoris
741 2715 845 2763 duxeris
857 2715 1041 2780 prefigendum‚
1052 2713 1219 2779 personaliter
1227 2721 1392 2776 compareant
1401 2729 1489 2764 coram

299 2800 378 2852 nobis.
409 2800 430 2851 si
448 2816 509 2851 uero
528 2799 664 2849 multitudo
682 2798 715 2848 sit
732 2799 759 2849 in
776 2815 862 2861 causa,
880 2801 980 2865 aliquos
998 2802 1093 2859 exeis,
1113 2815 1176 2864 quos
1191 2797 1236 2848 tibi
1251 2800 1333 2863 magis
1348 2798 1488 2863 culpabiles

298 2902 352 2937 esse
370 2887 520 2944 constiterit,
539 2886 606 2948 qnod
624 2885 799 2948 personaliter,
826 2887 890 2936 alios
917 2902 987 2946 uero,
1014 2901 1078 2949 quos
1106 2886 1137 2934 de
1166 2886 1222 2949 ipsa
1246 2884 1417 2945 multitudine,
1446 2885 1487 2948 qui

298 2988 403 3037 magnos
422 2986 542 3023 excessus
560 2970 717 3020 commisisse
735 2972 861 3032 dicuntur,
879 2986 979 3022 necnon
1002 2979 1028 3021 et
1053 2971 1121 3029 illos,
1148 2985 1212 3033 quos
1238 2985 1290 3019 non
1320 2971 1384 3019 adeo
1413 2986 1489 3033 super

298 3059 345 3108 boo
363 3057 439 3120 culpa
457 3057 542 3120 grauis
561 3063 673 3114 accusat,
692 3057 760 3118 quod
778 3072 822 3120 per
839 3065 1020 3119 procuratores
1038 3057 1152 3120 ydoneos
1171 3056 1197 3104 in
1215 3055 1323 3104 termino
1351 3069 1425 3118 quem
1453 3057 1488 3104 eis

298 3145 329 3192 ad
346 3143 395 3193 boc
413 3142 552 3206 pretixeris‚
577 3139 719 3205 apostolico
746 3155 773 3190 se
802 3141 949 3205 conspectui
975 3147 1156 3205 representem,
1183 3155 1274 3204 penam
1304 3139 1414 3188 debitam
1441 3156 1488 3204 pro

297 3227 391 3276 meritis
409 3226 542 3290 recepturi,
560 3225 676 3274 similiter
693 3225 773 3276 citare
791 3241 919 3290 procures,
938 3228 1005 3277 diem
1032 3241 1093 3276 uero
1120 3225 1247 3275 citationis
1276 3231 1301 3273 et
1328 3222 1444 3285 sormam,
1463 3234 1489 3274 et

298 3310 414 3375 quicquid
432 3312 491 3360 iude
508 3309 606 3370 feceris,
624 3317 744 3374 pertusa
762 3311 860 3361 litteras
878 3312 971 3360 harum
989 3310 1078 3359 seriem
1096 3311 1254 3360 continentes
1280 3310 1353 3359 nobis
1380 3309 1488 3359 fideliter

298 3397 401 3446 studeas
417 3395 541 3445 intimare.
577 3396 674 3444 Datum
693 3395 773 3445 Rome
792 3398 859 3460 apud
878 3402 994 3444 sanctum
1006 3395 1111 3444 Petrum
1122 3411 1151 3444 .v.
1170 3396 1225 3444 idus
1238 3394 1311 3457 Junij
1324 3395 1487 3458 pontificatus

297 3481 378 3532 nostri
396 3495 463 3531 anno
483 3479 535 3544 ijdn

654 3562 722 3606 (trel.
736 3563 776 3600 vat
793 3564 838 3610 lieg.
853 3565 893 3602 n'lc.
909 3565 936 3602 lll.
952 3574 983 3603 nn.
998 3564 1020 3604 ΙΙ.
1035 3575 1064 3612 ep.
1083 3561 1135 3606 lte).

703 3791 749 3848 18.
796 3790 885 3849 1279.
932 3789 987 3847 ede
1009 3789 1090 3848 Juui.

361 3906 483 3957 Nicolaus
502 3906 635 3969 episcopus
654 3921 673 3953 s.
693 3922 712 3953 s.
732 3907 755 3954 d.
775 3907 870 3956 dilecto
888 3907 942 3955 filio
966 3907 1089 3968 magistro
1115 3905 1259 3955 Bertrando
1284 3905 1409 3956 Amalrici
1438 3914 1486 3956 eto.

296 3997 343 4039 etc.
377 3974 484 4040 salatem
503 3998 551 4038 etc.
582 3991 624 4038 Ex
644 3999 687 4039 tua
707 4005 788 4054 uuper
805 3991 977 4041 insinuatione
995 3991 1147 4054 accepimus,
1166 3993 1233 4054 quod
1251 3991 1286 4052 hij
1306 4008 1370 4055 quos
1388 3993 1413 4042 iu
1431 4008 1487 4054 par-

296 4076 361 4124 tibus
379 4075 430 4123 illis
449 4076 600 4124 collectores
619 4075 716 4124 decime
734 4076 870 4140 deputasti,
898 4076 1088 4126 considerantes
1115 4078 1272 4138 prudentius,
1291 4079 1358 4140 quod
1386 4086 1488 4142 propter

296 4161 409 4209 crebram
427 4161 596 4209 mutationem
620 4170 721 4209 monete
748 4162 893 4210 earumdem
920 4161 1031 4223 partium
1058 4161 1165 4224 pecunia
1191 4162 1301 4212 collecta
1331 4164 1361 4212 de
1390 4163 1487 4213 decima

297 4245 370 4295 uilior
388 4245 549 4295 reddebatur.
569 4259 599 4293 ac
617 4252 721 4308 propter
738 4246 789 4295 hoc
806 4247 936 4309 cupientes
955 4245 1131 4309 indempnitati
1151 4254 1216 4295 terre
1235 4256 1321 4296 sancte
1348 4247 1488 4297 consultius

297 4344 441 4393 precauere,
460 4330 594 4392 pecuniam
613 4330 758 4379 huiusmodi
777 4331 824 4380 sub
842 4346 872 4379 ea
890 4331 1037 4381 conditione
1055 4332 1160 4380 diuersis
1188 4332 1338 4380 tradiderint
1364 4332 1488 4394 personis,

298 4425 324 4463 ut
342 4415 396 4480 ipse
414 4417 527 4464 eiusdem
546 4414 740 4463 extimationem
758 4418 922 4466 restituerent
946 4424 1015 4467 certo
1042 4418 1150 4466 termino
1177 4417 1203 4465 iu
1230 4428 1343 4479 argento.
1391 4416 1488 4466 Verum

299 4503 366 4564 quia,
385 4507 414 4548 ut
430 4499 531 4558 asseris,
551 4500 673 4549 nonnulla
699 4515 732 4549 ex
759 4503 873 4565 personis
899 4503 960 4565 ipsis
990 4502 1183 4551 extimationem
1212 4503 1319 4565 pecunie
1344 4502 1489 4551 huiusmodi

297 4585 332 4634 sic
350 4586 386 4635 eis
405 4586 498 4635 tradite
516 4585 648 4633 restituere
665 4584 691 4633 in
711 4587 818 4636 teimino
836 4587 951 4650 predicto
970 4586 1064 4636 eisdem
1088 4587 1268 4636 collectoribus
1294 4587 1413 4650 requisita
1427 4601 1488 4635 vnon

297 4679 394 4730 curant,
412 4685 459 4719 nos
478 4669 592 4718 uolentes
613 4684 689 4733 super
706 4671 755 4719 boc
774 4671 804 4719 de
823 4678 951 4734 oportuno
969 4673 1082 4720 remedio
1111 4673 1254 4734 prouidere,
1286 4679 1338 4722 tam
1360 4687 1488 4742 ¹personas

297 4751 442 4802 huiusmodi
461 4766 536 4815 quam
555 4753 627 4812 alias,
646 4755 736 4817 quibus
755 4755 782 4803 iu
801 4763 930 4819 posterum
948 4756 994 4804 sub
1013 4757 1158 4805 huiusmodi
1184 4757 1328 4806 conditione
1354 4756 1487 4820 pecuniam

297 4836 442 4886 huiusmodi
461 4837 560 4886 tradere
578 4840 716 4901 continget,
734 4841 767 4889 ad
786 4840 940 4889 reddendam
959 4841 1151 4890 extimationem
1170 4841 1315 4891 huiusmodi
1339 4841 1445 4904 pecunie
1461 4839 1488 4888 in
