3584 5625
931 486 970 545 50

439 673 521 749 Quas
542 673 658 750 quidem
680 671 819 749 pecunias
839 691 892 749 per
913 690 965 731 nos
987 672 1149 748 assignatas
1170 671 1265 731 dictus
1287 672 1341 731 dns
1362 670 1544 731 Bertrandus

354 775 493 856 promisit
506 773 653 851 assignare
675 773 798 834 Camere
819 773 959 851 predicta,
978 794 1009 833 se
1038 784 1067 831 et
1098 792 1153 832 sna
1183 770 1342 833 efficaciter
1374 772 1544 849 obligando,

354 876 437 936 saluo
459 893 530 935 casu
551 873 699 956 fortuita..
723 875 761 932 Et
793 875 829 934 de
861 874 1000 952 predictis
1032 872 1142 951 recepit
1162 873 1385 933 instrumentum
1406 874 1545 951 magister

355 975 454 1037 Guido
476 975 513 1033 de
535 976 641 1035 Auens
663 974 784 1033 clericus
805 974 1022 1051 Magalonensis
1044 974 1186 1053 dyocesis,
1208 975 1337 1034 notarius
1369 975 1544 1035 auctoritate
1636 1009 1638 1014 ·

354 1077 514 1155 apostolica
535 1085 564 1134 et
584 1075 735 1153 imperiali.
759 1071 806 1148 [cst
825 1086 914 1134 tumea
933 1077 1070 1135 caenam
1091 1077 1165 1152 quod
1186 1096 1235 1134 nos
1252 1076 1545 1152 magnaurnuseidem

353 1181 460 1237 ἀοτηίηο
471 1178 625 1237 artando
647 1184 685 1236 ot
705 1179 800 1252 locs&
823 1178 947 1237 mactas
964 1180 1068 1252 aromati
1086 1178 1243 1253 adpondus
1250 1177 1418 1236 Noricorum
1432 1204 1465 1214 ·-
1482 1177 1544 1234 .an

353 1280 410 1339 atr.
431 1282 614 1356 sterlingorum
633 1282 746 1355 agenti.
771 1306 811 1319 -
836 1281 891 1354 ,ἅῇ
914 1280 972 1338 atr.
994 1281 1048 1352 oip'i.
1066 1281 1116 1358 sol.
1148 1281 1194 1354 ι’ἴῆ.
1227 1280 1288 1339 ders.
1324 1278 1426 1336 Turou.
1457 1296 1544 1353 grass.
1637 1314 1640 1318 ·

352 1386 461 1456 upana.
486 1410 519 1420 -
544 1384 574 1455 iit
597 1382 740 1455 tctaflor.
760 1382 828 1438 auri.
850 1378 918 1455 aiij.
940 1380 1001 1440 den.
1024 1382 1064 1439 ad
1083 1380 1544 1456 opnmmp'aepolesauide

265 1488 268 1492 ’
353 1483 482 1543 Flam
503 1484 530 1557 ᾔ.
552 1483 676 1542 arsuras
697 1483 737 1540 ad
755 1484 881 1541 masuam
901 1483 935 1540 dc
955 1501 1021 1541 auro
1046 1484 1069 1539 ι’.
1091 1483 1227 1542 maulam
1253 1492 1354 1541 moade
1386 1475 1544 1552 Non'ooncl.

437 1585 524 1642 Anno
547 1583 595 1659 dnj
619 1592 669 1641 .m⁰.
691 1591 755 1643 caet
776 1582 880 1659 xxviijt
902 1583 949 1642 die
973 1582 1073 1660 .xvij't'
1088 1583 1193 1645 mensis
1214 1581 1400 1656 Nouembris,
1421 1582 1544 1641 nosfru-

352 1694 396 1744 ter
417 1684 547 1745 Johar'res
569 1685 605 1744 de
628 1685 737 1747 Serona
760 1696 788 1745 et
814 1686 849 1745 B.
882 1685 918 1742 de
949 1684 1068 1759 Ortolis‚
1100 1685 1311 1763 assignauimus
1344 1704 1460 1744 camere
1493 1684 1544 1742 diri

353 1788 441 1846 nostri
464 1807 540 1865 pape
562 1786 700 1864 pecunias
719 1797 748 1844 et
758 1789 836 1847 bona
847 1786 1031 1864 infrascripta
1041 1806 1094 1864 per
1105 1806 1208 1846 manus
1217 1795 1342 1860 nostras,
1352 1784 1489 1844 videlicet
1502 1813 1544 1823 -

437 1908 483 1947 .m.
502 1908 562 1948 ccc.
584 1888 643 1965 xlij.
666 1889 790 1948 florenos
812 1886 883 1962 aurj.

437 1990 496 2067 ,vijt
517 1989 579 2065 iiij‘!r
593 1990 656 2048 den.
679 1990 792 2067 regales
814 1989 877 2049 auri
900 1989 936 2048 de
958 1990 1093 2048 Francia.

437 2090 524 2167 xlvij.
550 2092 614 2152 den.
637 2093 674 2151 ad
696 2110 803 2169 agnum
826 2092 898 2151 auri.

437 2192 484 2270 iij.
506 2195 571 2253 den.
593 2194 631 2252 ad
653 2194 821 2252 cathedram
843 2193 913 2269 aurj.

437 2294 525 2371 .xliiij.
547 2294 598 2353 sol.
621 2295 660 2352 vi.
684 2294 748 2353 den.
770 2295 881 2354 Turon.
905 2296 1017 2371 argenti
1040 2313 1106 2353 cum
1129 2314 1164 2353 .o.
1187 2295 1319 2354 rotunda

436 2395 545 2472 .mvj.
563 2395 617 2455 sol.
642 2396 680 2454 vi.
704 2397 768 2456 den.
792 2398 902 2456 Turon.
925 2395 1036 2473 argenti
1059 2415 1125 2455 cnm
1148 2409 1182 2454 .·ο.
1205 2396 1300 2471 longa.

438 2497 492 2574 aij.
516 2497 581 2557 den.
603 2498 712 2556 Toron.
734 2516 823 2573 gross.
858 2498 893 2556 de
919 2498 1084 2557 Brabancia
1115 2506 1246 2575 receptos
1280 2516 1331 2573 pro
1364 2495 1542 2553 Turonensi-

480 2601 534 2660 bus
555 2599 670 2676 grossis.

439 2720 495 2759 .xv.
517 2701 569 2760 sol.
590 2700 630 2776 xj.
652 2700 718 2759 den.
740 2701 849 2759 Toron.
872 2719 964 2776 gross.
988 2700 1116 2760 Boemie.

439 2802 507 2880 ,xlij.
527 2802 580 2863 eol.
602 2802 650 2879 vij.
674 2802 737 2862 den.
759 2797 962 2880 sterlingorum
985 2801 1104 2880 argenti.

438 2903 507 2980 iiij‘tr
521 2907 652 2965 marchas
676 2905 713 2980 .ij.
737 2905 837 2963 uncias
849 2903 914 2979 .xvj.
929 2904 1062 2963 denarios
1080 2904 1145 2963 auri
1161 2905 1198 2962 ad
1211 2903 1324 2979 pondus
1336 2903 1543 2990 Aninionense.
1628 2969 1630 2972 ¹

246 3179 248 3182 ¹
479 3107 685 3167 Aninionense.

251 3232 313 3272 mse
328 3234 345 3270 s.
439 3209 558 3271 Summa
580 3209 806 3286 assignationum
828 3207 1023 3285 predictarum
1045 3206 1187 3266 factarum
1215 3207 1338 3267 Camere
1371 3207 1418 3283 dirj
1453 3209 1544 3266 nostri
1583 3197 1584 3200 ¹

522 3329 607 3388 pape,
630 3321 673 3370 est

522 3412 568 3486 ‚ijs
585 3410 638 3488 iiijs
659 3412 709 3469 xli.
732 3412 833 3470 floreni
855 3411 927 3470 auri.

522 3513 583 3590 .mjt
605 3514 641 3590 vj.
664 3513 728 3572 den.
750 3512 863 3589 regales
885 3512 952 3571 auri
973 3511 1105 3570 Francia.

523 3615 570 3674 dx.
594 3615 658 3674 den.
679 3614 717 3672 ad
740 3633 846 3690 agnum
865 3614 937 3673 auri.

524 3716 570 3792 iij.
593 3717 656 3775 den.
679 3717 716 3774 ad
739 3717 906 3775 cathedram
927 3716 1001 3793 auri.
1059 3761 1061 3766 .
1111 3778 1114 3785 ,

525 3817 561 3893 ij.
582 3818 647 3876 den.
668 3818 706 3875 ad
728 3817 863 3877 maasiam
886 3816 922 3874 de
943 3835 1023 3875 auro.
1142 3862 1145 3869 .

526 3918 583 3994 iiij.
608 3919 724 3977 marche
746 3916 782 3992 .1j.
806 3919 888 3977 vncie
910 3917 976 3976 .xvi.
999 3918 1063 3976 den.
1085 3916 1543 3993 auriadpondusAuinionense.

525 4019 612 4096 .xliiij.
634 4019 686 4080 sol.
707 4018 745 4094 vj.
768 4019 832 4076 den.
854 4020 967 4078 Turon.
989 4038 1080 4096 gross.
1103 4038 1170 4078 cum
1192 4037 1227 4076 .ο.
1249 4018 1382 4076 rotunda.

526 4122 633 4198 .mvj.
657 4121 709 4180 sol.
731 4119 768 4195 vj.
791 4121 989 4179 den.Tt1r0n.
1011 4139 1101 4196 grass.
1125 4140 1190 4179 cum
1214 4139 1248 4178 .o.
1269 4120 1365 4195 longa.

530 4225 586 4301 aij.
598 4225 661 4283 den.
673 4223 784 4282 Turon.
795 4222 908 4298 argenti
919 4223 956 4281 de
966 4221 1131 4281 Brabancia
1142 4230 1249 4297 recept.
1268 4240 1321 4296 pro
1338 4219 1410 4278 Tur.
1423 4221 1545 4295 argenti.

526 4345 583 4386 .xv.
606 4325 658 4385 sol.
682 4335 711 4383 et
731 4322 779 4399 .xj.
804 4324 867 4395 den.
890 4324 1001 4383 Turon.
1021 4343 1112 4400 gross.
1135 4322 1264 4382 Boemie.

525 4424 592 4501 .x1ij.
613 4423 665 4484 sol.
688 4424 736 4500 vij.
758 4426 821 4484 den.
843 4425 921 4484 sterl.
943 4426 1064 4502 argenti.
1315 4488 1319 4492 ,

941 4547 968 4584 v.
980 4546 1046 4586 vnc.
1057 4526 1096 4602 iij.
1119 4525 1216 4602 quarti
1238 4526 1350 4601 argenti
1372 4527 1409 4584 ad
1431 4525 1546 4602 pondus

441 4630 646 4690 Aninionense.

441 4733 482 4789 Et
502 4732 543 4790 sic
565 4729 642 4789 iacta
664 4730 837 4788 deductione
860 4731 895 4788 de
917 4730 1042 4806 receptis
1064 4749 1129 4789 cum
1152 4729 1395 4805 assignationibus
1408 4728 1545 4804 predictis

336 4813 339 4819 ’
359 4843 388 4891 et
405 4832 537 4891 deductis
555 4831 618 4891 cvi.
634 4830 714 4890 libris
727 4831 792 4890 .xvi.
804 4831 855 4890 sol.
868 4831 926 4907 viij.
938 4832 1002 4890 den.
1013 4830 1217 4906 sterlingorum
1233 4850 1286 4907 pro
1299 4831 1349 4889 nit
1370 4829 1419 4889 xli.
1430 4829 1558 4889 florenis,
