3584 5625
849 480 887 544 ii

361 674 435 734 Item
458 693 534 735 euno
556 691 615 752 qne
635 691 725 750 supro
742 670 788 730 die
820 679 882 730 ‚xxt
915 672 1019 732 mensis
1050 672 1179 749 Augusti
1211 670 1319 748 Recepi
1350 688 1369 727 n
1402 669 1460 728 dr’rc
1474 676 1559 717 new-b·

278 773 421 836 Bendone
442 776 563 836 Deoeuo
585 772 768 836 Reekildensi
790 773 826 830 de
848 773 979 851 pecunijs
999 774 1127 834 eiusdem
1150 773 1259 832 decime
1276 772 1399 848 receptis
1411 790 1462 847 per

279 894 345 935 eum
367 885 396 935 et
417 877 586 954 magistrum
609 875 768 934 Henricum
790 874 826 932 de
847 875 1012 935 Nestwedis
1038 876 1209 936 canonicum
1242 872 1462 935 Reskildeneem

278 996 297 1036 e
319 977 396 1037 clero
419 977 545 1038 ciuitatis
567 985 596 1036 et
613 975 735 1035 diocesis
746 974 978 1035 Roslrildensium
991 1004 1030 1015 -
1045 977 1092 1053 iij.
1109 976 1197 1034 libres
1213 992 1379 1052 grossorum
1397 991 1462 1031 cum

278 1078 326 1136 ix.
350 1079 414 1138 den.
437 1098 528 1157 gross.
551 1075 773 1137 Turonensium.

242 1173 249 1187 ’
363 1179 435 1239 Item
457 1208 498 1219 —
521 1179 569 1256 .xj.
589 1178 653 1238 libr.
677 1178 888 1255 sterlingorum.

363 1280 436 1340 Item
456 1310 498 1319 -
518 1280 564 1357 .vj.
587 1298 639 1338 nur.
661 1298 722 1355 urg.
743 1279 879 1356 ponderis
901 1277 1090 1340 coloniensis.

363 1382 438 1442 Item
460 1409 501 1421 —
524 1380 591 1458 aiij.
612 1380 735 1440 florenos
757 1380 820 1439 nuri
842 1400 957 1457 paruos.

492 1497 494 1501 ’
511 1481 624 1542 Habuit
643 1482 754 1541 litteras
775 1481 857 1541 detes
879 1482 908 1541 in
931 1482 1048 1541 ciuitate
1069 1480 1232 1559 Lybicensi.

364 1687 438 1746 Item
460 1704 536 1744 enno
558 1692 586 1743 et
608 1684 654 1742 die
676 1683 782 1760 quibus
803 1704 892 1762 supra
914 1684 1024 1762 Recepi
1045 1705 1098 1761 per
1125 1702 1228 1742 maniis
1256 1681 1383 1741 eiusdem
1416 1680 1465 1738 nni

281 1788 428 1849 Bondonis
450 1785 552 1846 deceni
573 1785 695 1863 predicti
716 1784 855 1845 soluentis
876 1806 929 1863 pro
951 1786 1111 1872 heredibus·
1127 1785 1176 1843 diii
1204 1783 1343 1845 Skelmeri
1373 1801 1464 1859 quon·

282 1891 347 1950 dem
369 1886 514 1965 Prepesiti
537 1886 659 1945 ecclesie
669 1886 868 1947 Roslsildensis
890 1890 998 1946 dudum
1021 1887 1183 1947 collectoris
1205 1886 1332 1945 eiusdem
1354 1886 1464 1944 decime

281 1994 316 2051 de
338 1991 440 2050 ecdem
463 1988 577 2048 decIme
598 2008 650 2065 per
672 1969 779 2047 dietum
797 1972 982 2067 Propositum
1004 2010 1022 2048 a
1045 1987 1122 2048 clere
1145 1987 1270 2047 ciuitatis
1293 1997 1321 2045 et
1343 1986 1465 2045 diocesis

280 2089 514 2154 Roskildeusium
536 2089 659 2149 collecta
678 2119 722 2172 .-
745 2090 793 2168 .ni
816 2092 880 2167 libr.
903 2090 1114 2167 sterlingorum.

365 2189 439 2252 Item
461 2219 503 2230 -
525 2190 604 2267 nxij.
625 2191 678 2252 sol.
698 2210 790 2268 gross.
812 2192 925 2251 Turon.

366 2296 440 2354 Item
466 2321 499 2331 -
524 2292 572 2350 .ix.
595 2311 683 2351 merc.
706 2294 818 2369 argenti
838 2294 975 2371 ponderis
997 2293 1127 2373 predicti.

366 2398 438 2455 Item
461 2392 529 2470 κη’.
550 2393 602 2454 sol.
620 2413 687 2452 cum
705 2393 751 2470 .vj.
770 2396 834 2455 den.
850 2397 1027 2456 Boemorum
1043 2415 1096 2472 pro
1111 2425 1151 2435 —
1163 2394 1233 2471 ,iiiju
1246 2413 1333 2453 merc.
1356 2400 1466 2470 argent.

286 2498 412 2559 eiusdem
434 2494 570 2575 penderis
590 2496 723 2573 predicti.

511 2596 624 2657 Habuit
643 2596 754 2657 littores
776 2598 859 2659 detes
879 2599 910 2659 in
932 2599 1049 2659 ciuitate
1070 2598 1235 2676 Lybicensi.

366 2802 441 2863 Item
463 2818 539 2860 nnnc
561 2819 619 2878 quo
641 2819 730 2879 supra
757 2800 802 2860 die
832 2799 946 2878 mxviijt
980 2799 1108 2878 Augusti
1139 2801 1249 2881 Recepi
1282 2820 1335 2877 per
1367 2819 1469 2859 menne

284 2906 412 2965 eiusdem
435 2903 484 2963 dni
504 2903 653 2962 Bondonis
675 2922 693 2961 e
715 2903 772 2960 dr‘ro
791 2903 927 2962 Johennc
959 2903 1086 2964 Contere
1119 2904 1240 2964 ecclesie
1271 2903 1469 2964 Roskildensis

285 3025 337 3083 pro
359 3006 487 3083 quodam
509 3004 629 3081 pignore
652 3004 701 3062 diri
723 3004 945 3082 ArchIcpiscepi
967 3005 1139 3078 LundensIs‚
1162 3007 1241 3083 qued
1268 3006 1330 3083 ipsc
1360 3005 1470 3065 Cantor

284 3119 433 3184 receperat
454 3107 491 3164 de
512 3107 583 3164 cista
605 3107 680 3183 dicte
703 3105 823 3175 decime,
845 3125 933 3185 quem
955 3108 1010 3167 dr’rs
1023 3107 1173 3167 Johennes
1185 3107 1298 3168 Seruari
1321 3106 1469 3184 predictus

285 3219 421 3286 posuerat
440 3208 469 3266 in
492 3205 630 3267 Sacristin
657 3208 778 3267 ecclesie
800 3207 998 3268 Roskildensis
1020 3238 1057 3246 —
1081 3209 1126 3285 iij.
1147 3229 1235 3268 merc.
1257 3229 1322 3268 cum
1352 3206 1470 3265 dimidie

285 3308 406 3386 urgenti.

368 3410 442 3469 Item
466 3437 504 3448 -·
527 3408 593 3485 .νίᾒ.
615 3410 677 3469 flor.
699 3410 770 3469 euri.

517 3509 629 3570 Habuit
649 3510 760 3571 littores
779 3512 862 3572 detes
883 3513 913 3572 in
936 3513 1053 3573 ciuitate
1073 3514 1237 3592 Lybicensi.

370 3715 444 3773 Item
466 3734 542 3773 enno
566 3713 616 3771 diri
650 3720 701 3771 .m⁰.
735 3722 800 3775 ecel
830 3716 939 3792 xxxiij⁰.
971 3717 1019 3776 die
1049 3718 1122 3776 .xix¹.
1154 3718 1260 3777 mensis
1291 3717 1470 3775 Decembris.

286 3816 395 3901 Recepi
418 3836 435 3873 n
458 3816 515 3874 dne
536 3815 664 3874 Henrico
687 3816 722 3874 de
743 3817 909 3877 Nestwedie
930 3820 1077 3898 preposito
1099 3828 1128 3878 et
1138 3820 1273 3879 iohanne
1288 3819 1360 3877 Juul
1384 3837 1470 3878 oenc·

289 3916 354 3975 nico
376 3916 497 3976 ecclesie
519 3916 717 3976 Roskildensis
739 3918 943 3980 collectoribus
964 3922 1146 3980 residuorum
1175 3921 1286 3980 decime
1307 3919 1471 3980 sexennulis

286 4017 315 4076 iu
337 4018 445 4078 diocesi
464 4017 648 4078 Roskildensi
673 4045 707 4057 ·-
735 4019 829 4095 cxlvj.
852 4039 941 4081 mere.
964 4023 1076 4099 urgenti
1096 4023 1232 4100 ponderis
1255 4022 1443 4083 coloniensis.

584 4122 588 4130 '
610 4120 734 4197 Recepit
748 4119 974 4196 justrumentum
996 4125 1153 4184 Iohannes.

372 4323 445 4381 Item
468 4341 543 4382 nuno
564 4332 593 4381 et
615 4323 661 4387 die
683 4325 788 4400 quibus
809 4345 898 4403 supra
919 4327 1028 4405 Recepi
1051 4347 1069 4385 a
1091 4328 1149 4386 diro
1169 4327 1258 4386 Petro
1286 4328 1387 4385 Herba
1413 4327 1471 4384 Ar·
1573 4358 1575 4361 ·

289 4425 467 4501 ehidyacono
488 4424 671 4484 Roskildensi
694 4426 849 4486 collectore
870 4429 982 4505 pridem
1006 4429 1134 4488 eiusdem
1156 4429 1267 4489 decime
1288 4430 1317 4487 in
1342 4429 1472 4504 predicte

290 4526 395 4584 diocesi
418 4527 453 4583 de
476 4525 604 4584 collectis
626 4544 678 4600 per
700 4547 764 4587 eum
787 4548 824 4586 ex
845 4530 924 4588 dicta
946 4530 1058 4589 decimu
1080 4557 1121 4567 -
1150 4549 1207 4589 ,η
1240 4549 1328 4587 merc.
1360 4530 1470 4605 argenti

290 4625 423 4701 ponderis
445 4625 633 4685 coloniensis.

610 4716 731 4804 Recepit
744 4730 969 4805 justrumentum
991 4734 1150 4792 Iohannes.
