3584 5625
839 472 897 529 142

277 665 366 724 spectu
384 657 439 721 agis
456 656 512 724 ejus
530 658 572 719 qui
591 662 682 706 cuncta
700 655 829 714 discernit,
847 655 945 719 sibique
967 670 1065 704 necnon
1091 661 1117 703 et
1146 654 1218 704 nobis
1247 653 1289 717 qui
1318 654 1386 701 circa
1413 652 1461 701 bec

278 758 379 794 omnem
397 742 553 806 diligentiam
572 740 692 789 adhibere
709 740 870 799 intendimus,
889 740 1014 789 teneberis
1033 740 1136 788 reddere
1155 741 1289 795 rationem,
1305 739 1337 787 ab
1356 746 1462 800 utroque

278 843 324 893 pro
343 828 438 877 meritis
456 834 612 890 recepturus,
631 826 667 874 sic
684 826 821 888 prudenter
838 826 864 873 in
887 824 937 873 illis
963 824 1055 873 habere
1086 833 1111 872 te
1139 825 1250 884 studeas,
1277 824 1314 872 sic
1340 822 1463 882 consulte,

279 914 345 976 qvod
362 913 389 961 in
406 912 536 974 utriusque
551 909 649 974 judicio
668 925 719 959 non
737 909 821 959 solum
839 910 903 958 vites
928 923 992 972 pene
1018 906 1224 973 confusionisque
1247 908 1401 967 discrimina,
1420 908 1463 956 sed

278 997 361 1046 laudis
379 997 468 1045 titulos
486 1005 512 1045 et
532 997 694 1059 gratiamne
716 994 888 1043 retributionis
914 994 1040 1057 premium
1065 996 1215 1057 assequaris.
1258 993 1355 1043 Forma
1380 1000 1465 1042 autem

215 1129 217 1133 Α
277 1082 422 1145 juramenti,
440 1082 509 1145 quod
525 1088 638 1143 prestare
655 1078 773 1128 volumus
791 1077 940 1127 collectores
959 1079 1069 1137 eosdem,
1086 1077 1133 1126 bec
1151 1086 1197 1127 est.
1233 1076 1298 1127 Juro
1317 1092 1366 1139 ego
1383 1075 1416 1127 Ν.
1434 1073 1464 1124 Ν.

280 1180 296 1214 a
324 1167 396 1214 nobis
427 1165 458 1215 Ν.
490 1165 521 1215 Ν.
558 1166 710 1216 auctoritate
743 1162 885 1227 apostolica
917 1163 1053 1227 deputatus
1085 1163 1209 1211 collector
1239 1162 1272 1210 ad
1303 1161 1466 1224 exigendum,

281 1250 459 1312 colligendum,
478 1259 504 1299 et
520 1250 692 1314 recipiendum
710 1247 965 1297 decimam‘omnium
983 1247 1127 1296 reddituum
1146 1256 1171 1297 et
1188 1255 1360 1312 prouentuum
1388 1245 1467 1295 eccle·

281 1335 440 1385 siasticorum
458 1336 490 1384 ab
509 1336 625 1384 omnibus
644 1333 758 1399 personis
778 1332 954 1381 ecclesiasticis
973 1331 1023 1380 non
1049 1334 1174 1397 exemptis
1200 1334 1228 1382 in
1249 1332 1281 1382 Ν.
1308 1330 1340 1380 Ν.
1364 1330 1467 1379 ciuitate

281 1426 308 1469 et
326 1422 421 1470 diocesi
440 1420 593 1469 constitutus
611 1434 627 1468 a
645 1419 704 1467 sede
723 1417 865 1481 apostolica
890 1431 936 1478 pro
965 1415 1079 1465 subsidio
1105 1424 1170 1466 terre
1197 1425 1284 1467 sancte
1311 1429 1467 1473 concessam,

282 1505 350 1567 quod
367 1504 476 1553 fideliter
493 1506 604 1566 exigam,
623 1503 751 1565 colligam,
770 1500 899 1564 recipiam,
918 1506 993 1563 atque
1012 1502 1155 1556 custodiam
1172 1501 1253 1565 ipsam
1272 1500 1407 1559 decimam,
1419 1512 1468 1547 uon

283 1587 419 1637 deferendo
436 1590 462 1638 in
485 1588 533 1637 hiis
557 1587 633 1636 alicui
658 1601 773 1651 persone,
790 1585 964 1648 cujuscunque
989 1585 1094 1646 ordinis,
1121 1594 1212 1648 status,
1238 1586 1401 1645 conditionis,
1427 1590 1471 1632 aut

284 1674 414 1737 dignitatis
432 1674 536 1734 existat,
555 1687 638 1736 prece,
656 1672 754 1732 timore,
765 1673 855 1734 gratia,
867 1670 908 1719 vel
925 1668 1023 1731 fauore,
1041 1672 1083 1723 vel
1100 1672 1151 1721 alia
1168 1686 1317 1736 quacunque
1335 1672 1367 1720 de
1386 1682 1471 1729 cansa,

283 1766 309 1808 et
326 1773 381 1808 eam
398 1759 496 1822 integre
514 1758 654 1818 restituam,
672 1765 698 1805 et
715 1758 859 1820 assignabo,
877 1765 955 1820 prout
972 1772 988 1805 a
1006 1756 1078 1806 vobis
1096 1771 1215 1821 recepero
1231 1758 1259 1807 in
1282 1756 1419 1806 mandatis.
1437 1751 1473 1802 Et

218 1890 221 1895 .
284 1858 359 1907 snper
375 1842 504 1906 premissis
522 1844 640 1893 omnibus
658 1851 684 1891 et
701 1842 807 1905 singulis
824 1842 926 1905 plenam
943 1850 969 1890 et
985 1841 1086 1891 fidelem
1103 1842 1228 1892 rationem
1256 1843 1361 1892 reddam
1387 1838 1472 1897 vobis,

286 1936 312 1978 et
329 1930 350 1977 si
368 1928 500 1992 contingat
518 1944 563 1978 vos
582 1927 703 1986 officium,
721 1928 788 1991 quod
806 1927 832 1975 in
862 1927 989 1991 premissis
1020 1926 1116 1989 geritis,
1146 1928 1280 1989 dimittere,
1306 1928 1354 1975 hec
1381 1923 1473 1974 eadem

285 2010 379 2062 faciam
392 2012 470 2075 juxte
486 2015 637 2063 mandatum
653 2012 721 2062 illius
739 2013 781 2075 qni
799 2012 967 2061 substituetur
983 2013 1010 2060 in
1028 2013 1118 2061 eodem
1136 2011 1231 2062 officio.
1272 2011 1315 2063 Sic
1341 2024 1383 2059 me
1399 2009 1472 2058 Deus

286 2085 397 2163 adjuvet,
415 2107 441 2148 et
457 2100 505 2148 hec
522 2106 611 2148 sancta
628 2099 769 2161 euangelia.
789 2124 820 2135 —
837 2102 935 2151 Datum
956 2101 1075 2164 Lugduni
1093 2100 1192 2149 decimo
1211 2098 1323 2147 secundo
1336 2094 1471 2145 Kalendas

287 2183 405 2235 Octobris
423 2183 591 2233 Pontificatns
609 2182 697 2233 Nostri
715 2183 792 2233 Anno
810 2179 907 2236 Tertio.

288 2268 349 2314 (Effer
364 2268 524 2316 0rlg.-liegesten
537 2266 543 2305 i
558 2267 643 2316 detpav.
660 2268 739 2313 Arabius
754 2279 813 2315 ogssa
827 2269 896 2316 auruli
909 2270 915 2306 i
928 2270 995 2307 Suhms
1009 2270 1086 2307 Historia
1101 2268 1123 2306 af
1142 2267 1245 2312 Denmtrls,
1269 2266 1289 2306 S,
1315 2263 1370 2301 10⁰5.
1399 2262 1474 2309 ligefr-

365 2319 428 2358 dende
441 2319 500 2357 hese
513 2318 556 2357 med
570 2320 661 2365 telunga
674 2318 822 2357 delineatione
835 2319 894 2358 nudes
908 2330 967 2367 omns
981 2319 1107 2367 udfmdigede
1121 2320 1140 2357 til
1155 2319 1179 2356 de
1193 2319 1257 2364 sange
1270 2316 1395 2355 Colleerorer.

701 2560 728 2617 e.
775 2560 864 2619 1275.
900 2561 948 2619 re
969 2560 1064 2637 spru.

357 2672 495 2737 Gregorius
513 2676 647 2739 episcopus
665 2688 753 2724 seruus
772 2691 903 2726 seruorum
921 2676 962 2726 dei
979 2677 1078 2725 dilectis
1103 2675 1163 2724 filiis
1189 2673 1311 2723 uniuersis
1340 2668 1477 2720 abbatibus

291 2772 321 2807 ae
338 2758 473 2807 abbatissis
491 2766 516 2807 et
534 2758 699 2808 conuentibus
718 2761 814 2810 ordinis
833 2761 1011 2812 cisterciensis
1029 2769 1081 2811 tam
1098 2760 1256 2826 presentibus
1282 2772 1358 2822 quam
1385 2754 1478 2804 futuris

290 2843 317 2892 iu
334 2854 474 2908 perpetum.
510 2843 546 2894 Jn
564 2846 658 2894 uestitu
676 2847 798 2896 deaurato
817 2848 923 2897 ecclesie
942 2863 1034 2911 sponse
1047 2847 1150 2908 Christi,
1163 2859 1211 2909 que
1228 2845 1353 2894 uarietate
1371 2840 1478 2890 circum-

293 2929 353 2978 data
371 2943 465 2991 sponso
483 2944 529 2978 suo
547 2930 664 2992 speciosa
681 2929 764 2980 forma
781 2947 824 2995 pre
843 2933 899 2982 filiis
918 2935 1048 2982 hominurn
1066 2931 1223 2981 inuariabilis
1249 2928 1396 2993 integritate
1422 2925 1480 2975 fidei

293 3021 319 3062 et
337 3013 466 3062 soliditate
484 3014 579 3077 spei‚a
608 3016 705 3064 dextris
735 3018 840 3078 assistit,
870 3018 1037 3066 cisterciensis
1057 3018 1127 3076 ordo,
1146 3017 1237 3065 diuinis
1255 3015 1417 3076 mancipatus
1436 3010 1481 3060 ob-

293 3097 394 3161 sequiis,
423 3105 449 3147 et
474 3099 540 3147 inter
565 3097 700 3162 religiones
730 3109 827 3150 ceteras
863 3102 975 3165 gloriose
1005 3102 1094 3165 virgini
1123 3100 1302 3163 singularitate
1330 3089 1483 3146 dsuociouis'

293 3182 419 3247 ascriptus
437 3197 470 3231 ex
487 3182 647 3258 institutione
664 3185 791 3248 primaria,
809 3195 835 3234 et
860 3186 1036 3250 professorum
1053 3185 1140 3249 ipsius,
1158 3194 1281 3249 quantum
1298 3197 1331 3231 ex
1349 3182 1402 3230 alto
1421 3195 1481 3229 con·

294 3269 399 3329 ceditur,
417 3269 602 3331 prosecutionis
619 3268 746 3318 instancia
764 3271 852 3320 rutilat
869 3271 983 3333 caritate,
1002 3273 1094 3321 caudet
1120 3269 1270 3319 castimonia
1299 3278 1325 3316 et
1342 3266 1483 3330 pulchritu-

296 3353 353 3402 dine
371 3353 573 3402 conuersationis
591 3353 680 3402 elucet.
727 3355 810 3419 Hujus
838 3355 932 3406 ordinis
959 3357 1058 3406 candidi
1075 3353 1192 3403 Nazarei.
1209 3353 1271 3403 dicti
1288 3351 1407 3400 videlicet
1424 3365 1483 3414 pro·

296 3435 405 3487 sessores
424 3438 534 3486 eiusdem
553 3437 600 3486 sub
618 3448 671 3487 arte
689 3440 849 3490 obseruantie
868 3441 1028 3490 districtione
1045 3437 1168 3488 uiuentes.
1186 3439 1213 3487 in
1230 3444 1369 3500 conspeetu
1393 3448 1484 3485 eorun-

297 3522 355 3570 dem
372 3521 438 3584 regis
462 3536 549 3584 regum
575 3531 600 3571 et
626 3522 722 3586 Regina
749 3525 848 3574 celestis
878 3525 977 3588 phialas
1005 3527 1228 3574 odoramentorem
1254 3522 1341 3585 plenas
1367 3521 1395 3569 in
1423 3535 1484 3569 ora-

298 3607 396 3656 tionum
414 3607 564 3655 assiduitate
582 3616 730 3672 presentant
747 3609 911 3672 beneplacitis
928 3610 1030 3659 illorum
1048 3624 1093 3673 per
1110 3623 1188 3672 opera
1206 3606 1308 3670 pietatis
1334 3605 1485 3654 inseruiunt.-

299 3697 325 3740 et
343 3691 378 3740 sic
396 3691 598 3754 hospitalitatem
623 3693 768 3742 obseruant.
797 3696 866 3757 quod
893 3693 939 3756 sibj
967 3709 1100 3758 pauperes,
1128 3692 1283 3756 pauperibus
1309 3689 1410 3749 diuites,
1434 3689 1486 3738 illis

299 3774 418 3823 munifici.
437 3774 484 3822 sibi
502 3777 580 3839 parci.
598 3777 728 3827 laboribus
755 3793 806 3827 non
831 3786 941 3842 parcunt
966 3777 1086 3842 proprijs.
1113 3778 1157 3826 sed
1183 3777 1254 3825 uictu
1282 3776 1308 3824 in
1333 3775 1371 3823 sui
1400 3774 1486 3823 uultus

301 3861 393 3909 sudore
411 3849 510 3923 quesite
529 3875 555 3908 se
574 3868 661 3912 tenues
679 3864 807 3924 exhibent,
832 3862 883 3912 illis
910 3864 1062 3911 subneuiuut
1087 3863 1271 3911 habundanter.
1311 3859 1367 3908 Hec
1386 3857 1487 3921 quidem

275 3939 277 3942 ’
300 3944 374 3993 uobis
392 3942 505 3993 fauorem
523 3947 635 3995 omnium
652 3948 797 4005 uendicaut,
814 3948 861 3997 hec
888 3963 934 3996 uos
952 3947 1115 4006 fauorabiles.
1134 3956 1205 3995 recto
1223 3944 1359 3994 cuiuslibet
1376 3944 1486 4008 pecteris

300 4027 334 4092 pij
355 4028 447 4078 iudicio
466 4039 644 4093 representaut.
680 4031 752 4082 Solet
770 4034 836 4081 enirn
853 4046 943 4095 regum
961 4041 987 4080 et
1003 4031 1144 4096 principum
1162 4031 1319 4093 aliorumque
1332 4037 1484 4092 magnatum

302 4112 467 4163 familiaribus
484 4115 834 4181 ipsorumcontemplacionc
852 4115 951 4166 deferri.
986 4114 1090 4176 Quanto
1108 4116 1194 4178 itaque
1212 4115 1320 4179 amplius
1339 4121 1391 4163 tam
1413 4127 1489 4178 poeu-

302 4198 407 4248 liaribus
426 4201 570 4249 eorumdem
588 4203 679 4250 summi
697 4203 763 4266 regis
781 4211 807 4252 et
824 4204 911 4264 regine
935 4202 1034 4251 celestis
1062 4199 1163 4250 famulis
1187 4201 1302 4262 ipsoram
1328 4199 1436 4249 obtentu
1462 4198 1488 4247 in

304 4283 356 4332 suis
374 4291 412 4333 est
430 4284 630 4335 subueniendum
648 4288 842 4337 necessitatibus
861 4296 887 4336 et
910 4286 1124 4350 oportunitatibus
1150 4287 1328 4336 assistendum.
1367 4283 1488 4334 Profecto

303 4367 427 4421 immensa
449 4369 515 4418 inter
540 4382 687 4434 comparata
711 4373 845 4436 disparitas
871 4387 1015 4421 mensuram
1042 4371 1240 4434 comparationis
1266 4370 1412 4419 huiusmodi
1439 4382 1490 4418 non

305 4455 423 4503 admittit.
464 4453 518 4503 Hec
544 4469 591 4504 uos
618 4464 722 4505 mouent
749 4458 882 4518 atteucius,
900 4458 948 4507 hec
965 4472 1012 4507 nos
1030 4467 1056 4505 et
1072 4455 1163 4504 fratres
1182 4464 1282 4505 uestros
1300 4455 1436 4504 hortantur
1452 4455 1490 4503 iu-

306 4539 423 4599 stautius,
440 4539 510 4587 vobis
529 4548 555 4588 et
571 4541 729 4590 monasteriis
747 4544 839 4592 uestris
857 4551 947 4592 contra
964 4542 1127 4591 incidentium
1149 4540 1304 4589 decimarum
1330 4545 1356 4588 et
1381 4538 1491 4588 aliarum

306 4627 471 4676 exactionum
488 4626 631 4686 instantias,
650 4635 775 4690 oportuno
794 4628 905 4677 remedio
924 4626 1064 4691 prouidere¹
1113 4622 1181 4684 Quid
1210 4625 1278 4687 eujm
1305 4640 1368 4688 opus
1395 4631 1436 4673 est
1462 4638 1492 4672 ea

274 4710 277 4716 '
307 4712 440 4761 decimare.
460 4711 500 4760 vel
517 4727 563 4776 per
579 4722 663 4775 partes
682 4712 785 4775 exigere
803 4713 837 4760 ad
850 4712 1011 4760 seruiendum
1029 4709 1121 4758 exinde
1140 4709 1250 4768 domino,
1267 4724 1315 4772 que
1333 4708 1413 4772 ipsius
1433 4717 1493 4759 sunt

307 4796 419 4846 seruiciis
436 4796 548 4846 totaliter
573 4795 712 4860 deputata?
748 4796 859 4858 Ideoque
886 4798 918 4845 de
943 4796 1057 4860 ipsorum
1082 4793 1190 4844 fratrum
1215 4802 1361 4843 nostrorum
1384 4794 1491 4845 consilio
