3584 5625
863 489 922 552 175

294 673 343 738 ipsi
362 673 514 725 collectores
532 675 664 739 elegerint,
678 674 859 729 beneficiorum
877 679 991 744 ipsorum
1009 689 1089 727 onera
1105 677 1214 727 debeant
1232 676 1375 741 optinentes
1387 677 1484 743 eadem,

296 759 328 807 de
345 772 376 808 ea
393 767 474 822 parte,
493 776 569 823 quam
591 760 639 810 ribi
666 762 726 812 dicti
752 764 903 815 collectores
930 762 1085 823 demiserint,
1111 760 1225 811 totaliter
1251 768 1411 827 supportare,
1436 760 1485 810 uisi
1555 788 1558 794 -

295 840 361 893 forte
381 844 523 907 optinentes
541 846 665 896 beneficia
681 847 827 898 huiusmodi
844 849 941 900 vellent
958 862 1045 899 omncs
1063 845 1169 907 fructus,
1181 844 1295 895 redditus
1307 853 1333 895 et
1345 852 1485 910 prouentus

225 960 228 967 -
296 928 421 978 dimittere
439 929 620 981 collectoribus
638 932 782 993 antedictis,
801 947 850 996 quo
868 949 930 983 casu
948 933 1099 985 collectores
1124 930 1173 995 ipsi
1198 930 1330 981 habebunt
1357 930 1486 981 beneficiis

295 1013 449 1089 huiusmodi,
468 1016 553 1080 quoad
579 1031 667 1066 curam
693 1016 841 1081 animarum,
860 1021 881 1068 si
899 1019 935 1069 eis
953 1018 1085 1076 imineant‚
1103 1031 1150 1066 uec
1168 1031 1222 1066 nou
1239 1022 1265 1066 et
1282 1015 1376 1065 diuinis
1394 1013 1486 1065 officiis

296 1106 321 1147 et
339 1107 558 1152 sacramentorum
581 1102 812 1153 ecclesiasticorum
836 1102 1023 1153 ministratione
1049 1101 1133 1153 iacere
1160 1115 1206 1166 per
1230 1115 1353 1165 personas
1379 1099 1486 1150 idoneas

296 1183 425 1247 deserviri,
444 1194 470 1236 et
487 1192 572 1237 cetera
590 1187 625 1237 eis
643 1187 815 1237 incumbentia
833 1202 912 1239 onera
929 1189 1083 1254 supportari.
1117 1186 1160 1236 De
1176 1185 1228 1235 illis
1246 1192 1333 1235 autem
1349 1173 1492 1262 beneflciis,

296 1282 344 1331 que
363 1276 452 1320 taxata
470 1285 523 1326 nou
540 1271 656 1321 existunt
672 1272 705 1321 ad
723 1272 857 1335 decimam,
880 1280 909 1322 ut
936 1274 1050 1336 sequitur
1075 1270 1237 1321 ordinamus:
1264 1269 1392 1328 videlicet,
1419 1268 1487 1333 quod

295 1352 409 1417 ipsorum
426 1352 564 1418 fructuum,
573 1356 716 1407 reddituum
727 1364 753 1407 ot
761 1340 932 1424 prouentuum
946 1356 1069 1406 medietas
1082 1357 1115 1405 ad
1127 1370 1175 1405 nos
1187 1362 1340 1406 ctuostram
1352 1367 1487 1415 canteram,

295 1437 347 1487 alia
363 1452 424 1488 uero
441 1440 474 1488 ad
492 1441 637 1505 optinentes
654 1442 744 1493 eadem
762 1441 885 1491 beneficia
903 1442 996 1491 debeat
1012 1441 1149 1504 pertinere,
1166 1440 1258 1501 modis,
1275 1438 1365 1491 formis
1382 1446 1409 1489 et
1425 1453 1488 1490 con·

296 1522 443 1584 ditionibus,
455 1524 551 1589 quibus
570 1526 602 1576 de
619 1521 677 1589 alijs
694 1527 824 1578 beneficiis
841 1529 958 1592 superius
975 1533 1015 1576 est
1031 1538 1190 1591 expressum.
1232 1524 1352 1580 Ceterum
1369 1523 1487 1575 volumus

282 1613 322 1656 'et
338 1608 490 1661 auctoritate
507 1611 663 1674 presentium
681 1611 850 1673 declaramus,
868 1620 898 1662 nt
913 1610 1047 1677 deputatio
1064 1617 1155 1661 nostra
1171 1609 1318 1660 huiusmodi
1340 1609 1487 1661 nullatenus

295 1692 451 1743 extendatur
468 1694 502 1743 ad
518 1693 677 1768 episcopales
695 1696 825 1759 ecclesias,
841 1712 889 1747 nec
907 1698 941 1747 ad
959 1696 1076 1746 abbatias
1093 1694 1233 1759 regulares,
1253 1708 1303 1758 qne
1321 1701 1407 1755 tamen
1426 1708 1487 1745 con·

295 1778 428 1828 uentuales
446 1778 569 1842 existunt,
587 1794 637 1830 nec
652 1781 685 1830 ad
702 1780 825 1833 beneficia
850 1782 904 1843 illa,
930 1796 979 1846 que
1008 1795 1041 1831 ex
1066 1780 1260 1845 permutationis
1290 1794 1370 1831 causa
1395 1795 1487 1830 vacare

296 1862 429 1929 contingit,
446 1877 493 1913 nec
510 1865 588 1915 etiam
605 1865 638 1914 ad
657 1865 764 1916 vicarias
786 1881 830 1917 seu
853 1864 1019 1932 capellanias,
1037 1872 1066 1914 ut
1090 1865 1228 1930 plurimum
1254 1878 1271 1914 a
1297 1864 1487 1927 decedentibus,

297 1948 435 1997 secundum
453 1963 551 2000 merem
570 1949 728 2000 diuersarum
747 1951 913 2002 ecclesiarum
930 1952 1068 2009 institutas,
1086 1951 1120 1999 ad
1145 1950 1237 1999 missas
1263 1963 1310 2014 pro
1335 1947 1397 2013 ipsis
1415 1949 1488 1999 dece·

298 2032 416 2082 dentibus
435 2034 608 2096 celebrandas,
626 2037 702 2085 certis
720 2033 863 2086 constitutis
882 2035 1022 2086 redditibus
1039 2034 1181 2099 presbitero
1198 2033 1260 2083 inibi
1279 2033 1426 2096 celebranti,
1443 2049 1489 2085 seu
1548 2021 1552 2029 ’

298 2116 363 2178 aliis,
381 2125 410 2166 ut
428 2117 524 2169 diurnis
543 2119 585 2170 uel
602 2122 732 2171 nocturnis
749 2122 880 2172 canonicis
898 2121 969 2171 horis
987 2120 1119 2182 intersint3
1138 2118 1277 2169 dummodo
1301 2117 1391 2183 viginti
1413 2118 1493 2192 flore-2

298 2215 389 2251 norum
407 2203 461 2254 auri
480 2203 593 2254 ualerem
611 2220 723 2256 annuum
746 2222 798 2257 nen
821 2208 956 2267 excedant,
973 2206 1047 2257 alias
1074 2206 1121 2256 sub
1151 2204 1316 2269 deputatione
1342 2203 1488 2254 huiusmodi

298 2286 471 2348 inclutlantur3
493 2301 540 2337 ncc
558 2290 634 2339 ctiam
652 2292 685 2340 ad
703 2293 846 2344 cotidianas
864 2291 1056 2343 distributiones
1075 2301 1290 2354 quarumcumque
1315 2290 1488 2349 ecclesiarum,

298 2386 342 2421 sen
361 2373 536 2424 anniuersaria
554 2375 596 2423 uel
614 2375 788 2452 obueutioqes,
807 2393 855 2441 qne
873 2378 906 2428 ad
925 2384 1023 2427 certum
1045 2375 1104 2440 quid
1128 2375 1249 2439 deputate
1274 2379 1422 2437 noscuntur,
1439 2373 1489 2425 nisi

298 2457 330 2506 ad
346 2458 413 2519 illas,
432 2473 480 2522 que
498 2459 544 2518 eis,
563 2475 610 2523 quc
629 2461 732 2511 suntin
749 2464 853 2512 ciuitate
872 2462 915 2511 uel
931 2462 990 2512 loco
1008 2466 1147 2522 presentes,
1162 2465 1356 2519 consueverunt,
1374 2460 1489 2522 quamvis

299 2541 369 2591 horis
387 2557 439 2592 non
457 2543 575 2610 intersint
592 2545 730 2607 canonicis,
748 2546 858 2610 elargiri.
899 2545 1027 2595 Volumus
1045 2554 1139 2604 autem,
1158 2545 1226 2608 qued
1243 2541 1350 2604 fructus,
1368 2543 1489 2605 redditus,

292 2632 325 2696 ¹et
342 2634 483 2691 prouentus
500 2630 686 2694 prebendarum
704 2630 815 2693 illorum,
833 2632 884 2695 qui,
902 2632 1003 2682 soluere
1030 2629 1189 2680 taxationem
1214 2628 1311 2678 decime
1334 2636 1489 2689 recusantes,

300 2726 327 2762 se
343 2712 411 2763 uelle
429 2714 580 2764 simularent
597 2714 695 2776 abesse,
708 2722 737 2764 nt
753 2715 888 2779 prebende,
907 2731 969 2780 quas
987 2729 1039 2765 neu
1056 2709 1189 2779 recipiunt,
1206 2712 1256 2763 nisi
1273 2713 1325 2762 siut
1341 2712 1369 2761 in
1385 2713 1489 2768 ciuitate

298 2798 340 2848 uel
358 2798 417 2849 loco
434 2806 574 2863 presentes,
593 2801 657 2851 adeo
675 2796 856 2863 diminuentur,
879 2802 948 2865 quod
974 2816 1065 2867 parum
1090 2806 1135 2850 aut
1159 2796 1241 2849 nichil
1266 2798 1358 2849 debeat
1383 2799 1488 2866 percipi,

297 2883 372 2932 iuxta
390 2885 549 2935 taxationem
568 2886 715 2950 predictam,
733 2886 897 2937 includantur
909 2885 955 2936 sub
969 2885 1134 2951 deputatione
1144 2884 1267 2950 predicta.
1300 2883 1342 2934 De
1353 2883 1490 2948 prebendis

297 2983 369 3030 uero,
387 2984 436 3033 que
453 2970 487 3019 ad
504 2978 602 3021 tantam
620 2986 746 3021 summam
763 2979 852 3021 taxate
871 2979 939 3032 sunt,
956 2971 984 3020 in
1002 2971 1109 3032 decima,
1127 2969 1195 3033 quod
1211 2984 1303 3034 parurn
1325 2978 1447 3034 superest.
1464 2971 1490 3021 in

299 3053 386 3104 ualore
413 3071 460 3120 pro
488 3057 604 3116 seruitio,
630 3071 745 3119 congrua
774 3056 859 3120 portio
891 3055 1043 3116 dimittatur,
1070 3055 1172 3105 residuo
1200 3068 1247 3117 pro
1274 3062 1363 3105 nostra
1389 3068 1491 3106 camera

298 3152 459 3201 remansur03
479 3147 505 3190 ct
521 3141 589 3190 idem
607 3143 684 3192 etiem
702 3144 734 3192 dc
744 3141 800 3191 aliis
812 3140 942 3191 beneficiis
957 3140 1144 3202 ecclesiasticis,
1154 3141 1190 3189 sie
1204 3141 1299 3190 taxatis
1312 3140 1345 3189 ad
1357 3139 1490 3201 decimam,

297 3225 365 3286 quod
382 3240 479 3289 parum,
498 3232 543 3273 aut
559 3226 639 3276 nichil
655 3234 772 3292 superest
788 3226 857 3276 ultra
874 3226 1047 3287 taxacionem,
1065 3225 1180 3285 eandem,
1192 3231 1279 3274 uestro
1298 3224 1427 3275 diecesani
1445 3239 1491 3290 per

299 3308 449 3360 collectores
466 3310 582 3360 adhibito
609 3312 725 3373 consilio,
744 3326 852 3376 quorum
874 3325 951 3374 snper
975 3312 1025 3361 boc
1053 3324 1188 3360 oneramus
1215 3309 1395 3372 conscientias,
1422 3311 1491 3374 qnod

297 3392 385 3443 utilius
404 3396 457 3445 fieri
476 3397 570 3458 poterit
586 3397 723 3447 ordinetur.
758 3395 795 3445 Et
811 3396 916 3459 insuper
933 3395 1106 3459 intelligimus,
1125 3395 1192 3459 quod
1210 3393 1318 3456 fructus,
1334 3394 1447 3444 redditus
1466 3401 1493 3445 et

297 3486 435 3541 prouentus
458 3479 637 3531 beneficiorum
661 3480 889 3545 patrimoniolium,
917 3486 943 3529 et
967 3477 1154 3543 prebendarum
1183 3494 1230 3530 seu
1258 3477 1446 3541 beneficiorum,
1455 3479 1491 3550 'iu

298 3562 388 3625 quibus
406 3562 611 3616 beneficiatorum
630 3573 739 3617 nonest
765 3573 849 3616 certus
878 3556 1006 3626 uumerus',
1030 3579 1061 3613 ac
1087 3564 1275 3629 prebendarum
1301 3563 1491 3627 canonicorum,

302 3646 444 3698 absentium
462 3664 520 3699 curn
538 3652 672 3713 decedunt,
690 3666 738 3702 nec
761 3665 813 3701 non
838 3649 968 3722 prioratus
994 3648 1185 3710 conuentusles,
1211 3664 1320 3713 quorum
1348 3647 1440 3713 prelati
1466 3657 1492 3699 et

301 3739 443 3782 conuentus
461 3734 528 3784 bona
546 3736 572 3785 in
590 3734 720 3787 communi
737 3736 831 3786 habere
843 3741 992 3796 noscuntur,
1002 3750 1032 3784 ac
1045 3734 1169 3784 beneficia
1179 3734 1273 3784 ordinis
1283 3731 1492 3796 Humiliatorum,

301 3817 466 3869 includantur
484 3821 530 3870 sub
549 3822 714 3887 deputatione
731 3821 853 3886 predicta,
871 3821 909 3870 ita
926 3827 1012 3870 tamen
1030 3819 1098 3884 quod
1115 3819 1175 3886 inde
1194 3818 1321 3882 prioribus
1339 3827 1366 3868 et
1382 3834 1493 3870 conuen-

302 3903 369 3953 tibus
387 3911 413 3953 et
430 3904 496 3966 eliis,
511 3906 603 3955 similia
619 3895 751 3956 beneticla‘
760 3905 941 3970 optinentibus,
958 3905 1126 3970 prouidentur
1143 3905 1269 3954 decenter.
1304 3902 1397 3954 Nostre
1415 3903 1493 3953 etiam

301 3988 452 4039 intentionis
471 3989 566 4053 existit,
584 3993 731 4056 quodlicet
748 3988 907 4054 episcopales
925 3989 1039 4051 ecclesie,
1053 3995 1079 4038 et
1094 3988 1197 4039 abbatie
1215 3988 1346 4052 regulares
1363 4005 1379 4038 a
1396 3996 1493 4054 presta-

303 4073 372 4123 tione
391 4075 516 4124 dietorum
534 4073 664 4127 fructuum
682 4075 836 4135 eximantur,
854 4088 907 4124 nou
925 4082 1013 4124 tamen
1028 4081 1132 4140 propter
1153 4074 1203 4122 boc
1226 4071 1363 4137 dignitates
1391 4081 1417 4123 et
1442 4073 1494 4124 alia

302 4158 427 4209 beneficia
446 4160 570 4211 dictarum
588 4162 753 4212 ecclesiarum
770 4168 797 4211 et
814 4159 983 4221 abbatiarum,
1000 4173 1157 4224 quecumque
1175 4157 1225 4209 sint
1248 4157 1315 4210 inira
1341 4156 1384 4208 uel
1410 4167 1493 4219 extra,

304 4244 464 4307 aliquatenus
482 4244 658 4309 intelligantur
676 4252 803 4310 exempta.
839 4243 910 4296 Jtem
929 4252 994 4294 terre
1012 4251 1039 4294 ct
1055 4251 1204 4309 prouentus,
1222 4258 1253 4292 ac
1270 4245 1346 4305 bona,
1365 4258 1413 4307 que
1431 4242 1494 4293 reci·

302 4326 390 4392 piebat
408 4329 524 4378 distincte
543 4330 669 4382 decedens
687 4329 834 4390 canonicus,
851 4345 899 4395 pro
917 4329 1052 4395 prebenda,
1071 4343 1101 4378 ec
1126 4328 1249 4385 beneficia
1274 4344 1323 4394 que
1349 4329 1494 4405 detinentur

303 4429 348 4478 per
366 4428 545 4477 quoscumque,
563 4416 641 4466 etiam
659 4423 823 4465 sacrosancte
840 4416 956 4465 Romane
974 4415 1080 4464 ecclesie
1098 4414 1248 4476 cardinales,
1266 4415 1299 4463 ad
1319 4427 1419 4464 mensas
1437 4428 1494 4480 pre·

302 4497 415 4547 latorum
432 4499 596 4562 pertinentes,
614 4509 640 4550 ct
658 4499 734 4551 etiam
753 4500 857 4562 decime,
874 4499 937 4550 licet
952 4497 1052 4550 nullum
1077 4500 1168 4550 herens
1194 4499 1344 4549 beneficium
1373 4500 1494 4562 habeant,

303 4582 466 4633 includantur
484 4583 531 4632 snb
549 4586 714 4649 deputatione
732 4585 855 4651 predicta.
891 4584 1018 4650 Quodque
1035 4585 1081 4644 illi,
1100 4585 1190 4648 quibus
1208 4585 1281 4646 alias,
1299 4600 1332 4635 ex
1349 4584 1494 4650 priuilegio,

304 4668 487 4718 consuetudine
516 4670 559 4718 uel
588 4678 695 4730 statuto,
717 4670 815 4729 fructus
833 4671 1014 4720 beneficiorum
1031 4670 1178 4720 vacantium
1192 4670 1267 4734 primi
1284 4669 1344 4720 anui
1362 4670 1493 4732 debentur,

304 4768 371 4804 anne
390 4753 504 4817 sequenti
521 4754 580 4804 illos
598 4757 727 4820 percipere
744 4757 856 4816 valeant,
874 4756 941 4807 sicut
958 4754 1041 4820 primo
1058 4769 1126 4806 anno
1143 4751 1253 4817 fuerent,
1271 4755 1293 4805 si
1308 4770 1362 4806 non
1380 4754 1495 4805 obstaret

305 4839 373 4889 dicta
392 4847 481 4888 nostra
498 4841 639 4904 deputatio,
657 4841 808 4905 percepturi.
852 4840 889 4891 Ut
915 4849 1000 4890 antcur
1027 4842 1095 4891 circa
1112 4840 1265 4891 solutionem
1284 4840 1409 4892 dictorum
1427 4839 1494 4895 frut-
